1644 3039
1192 188 1372 231 XLVII

27 310 161 365 igitur
189 306 295 348 illud
327 312 407 359 est,
434 305 549 360 quod
581 305 781 345 materiae
817 303 959 345 habita
993 303 1160 344 ratione
1191 303 1375 358 primuni

27 363 246 406 fatendum
286 369 352 404 est
380 362 447 404 his
479 360 662 416 dialogis
693 361 892 416 propium
921 375 1030 414 esse,
1052 359 1168 414 quod
1200 359 1375 413 quidem

26 420 363 476 haudquaquam
393 433 534 460 errare
563 416 762 459 videmur
789 423 958 458 tantum
987 432 1082 459 esse
1113 415 1375 470 iudicantes,

27 485 77 520 ut
105 478 150 519 in
180 477 261 519 hac
292 477 389 532 ipsa
414 491 458 517 re
479 475 615 516 omnis
636 473 861 516 doctrinae
885 474 1137 515 Platonicae
1170 481 1376 527 tanquam

24 535 192 577 initium
225 541 269 576 et
297 532 556 589 principium
576 531 787 573 contineri
818 529 1150 572 existimandum
1182 530 1249 582 sit,
1281 530 1375 572 sine

26 592 150 634 cuius
178 591 333 633 notitia
369 604 449 631 nec
486 588 679 642 reliquae
724 587 839 629 illius
870 594 1015 643 partes
1049 594 1123 628 aut
1152 586 1280 643 plane
1310 587 1376 628 in-

27 648 166 704 telligi
206 655 281 690 aut
318 653 432 689 recte
473 645 657 687 iudicari
696 651 868 700 queant.
945 644 1161 686 Nimirum
1196 643 1378 685 multum

27 706 223 762 profecto
252 704 413 746 iudicio
445 718 523 745 suo
555 702 653 744 falsi
685 708 800 754 sunt,
829 701 903 755 qui
927 716 1039 755 quae
1062 700 1378 756 posterioribus

27 762 299 816 temporibus
349 759 634 815 philosophus
681 757 876 801 condidit
915 758 1078 813 ingenii
1120 759 1187 798 sui
1225 773 1378 798 monu-

27 827 184 871 menta,
207 833 258 860 ea
282 818 334 860 ab
357 817 474 859 hisce
492 815 729 859 Socraticis
759 814 931 871 scriptis
963 822 1169 869 tanquam
1202 814 1377 856 omnino

28 874 198 916 diversa
244 875 376 930 longo
424 873 651 915 intervallo
690 871 962 928 segreganda
1001 878 1043 912 et
1082 878 1250 912 tantum
1292 886 1379 912 non

28 946 208 987 prorsus
259 929 504 973 divellenda
553 936 830 985 putaverunt.
904 929 1060 983 Neque
1099 928 1210 969 enim
1250 927 1379 969 Plato

0 1022 1 1026 ,
29 994 182 1045 postea
211 988 404 1046 neglexit
434 993 509 1029 aut
538 987 688 1028 reiecit
728 1001 838 1041 quae
880 986 980 1027 olim
1031 991 1122 1026 erat
1163 999 1380 1026 commen-

28 1050 168 1097 tatu83
198 1046 328 1087 immo
365 1059 416 1086 ea
444 1044 581 1100 magis
604 1044 802 1100 perfecit,
822 1043 1026 1098 explevit,
1047 1041 1378 1095 consummavit,

26 1102 88 1144 ita
116 1108 167 1143 ut
197 1117 307 1157 quae
335 1107 512 1158 postero
542 1106 736 1156 tempore
757 1107 800 1142 et
821 1106 962 1141 aetate
986 1099 1222 1140 maturiore
1253 1098 1380 1139 etiam

28 1159 184 1215 opibus
216 1160 394 1201 aliorum
425 1158 799 1213 philosophorum,
826 1156 1035 1212 imprimis
1058 1155 1381 1212 Megaricorum

28 1222 73 1258 et
102 1216 496 1273 Pythagoreorum,
532 1220 799 1256 sustentatus
843 1213 1180 1269 excogitavisset
1218 1212 1383 1254 maiora

30 1278 160 1327 atque
191 1273 420 1328 ampliora,
455 1286 505 1313 ea
544 1271 628 1313 illis
657 1277 877 1325 tamquam
907 1270 1056 1326 primis
1088 1268 1381 1311 fundamentis

31 1335 361 1384 superstrueret.
423 1327 512 1371 Sed
553 1328 658 1370 satis
689 1327 742 1369 de
774 1327 853 1368 his.
915 1327 1142 1383 Pergimus
1175 1324 1382 1367 ad·aliud

29 1385 156 1440 quid,
189 1385 306 1440 quod
345 1385 463 1427 hisce
501 1384 620 1427 libris
652 1383 904 1437 Socraticis,
939 1384 991 1425 de
1022 1384 1179 1437 quibus
1222 1383 1381 1439 agitur,

28 1442 251 1497 proprium
282 1441 424 1483 dicere
452 1441 595 1482 liceat.
652 1441 941 1497 Explicantur
964 1440 1076 1481 enim
1103 1441 1146 1481 in
1166 1440 1218 1481 iis
1251 1446 1382 1494 atque

7 1499 340 1555 perquiruntur
386 1497 546 1554 singuli
594 1503 761 1539 tantum
807 1497 1108 1553 philosophiae
1155 1496 1266 1551 loci,
1307 1496 1382 1551 qui

28 1555 149 1597 nulla
176 1556 263 1597 fere
293 1555 407 1596 inter
438 1570 482 1597 se
511 1555 732 1596 coniuncti
762 1560 864 1597 sunt
896 1560 1249 1610 argumentorum
1280 1567 1383 1595 con-

28 1613 295 1667 tinuatione,
335 1611 474 1667 qualis
521 1627 625 1653 sane
664 1612 709 1653 in
749 1611 951 1667 operibus
991 1611 1188 1652 Platonis
1228 1616 1384 1666 postea

34 1669 208 1725 scriptis
240 1684 440 1726 magnam
471 1669 622 1711 saltem
651 1677 818 1724 partem
848 1667 1220 1720 animadvertitur,
1253 1673 1301 1708 ut
1328 1682 1383 1708 ne

31 1726 308 1781 quaestiones
338 1725 512 1781 quidem
541 1725 594 1767 de
619 1726 780 1767 virtute
811 1726 989 1780 eiusque
1022 1725 1171 1767 formis
1203 1739 1253 1765 ac
1284 1739 1383 1778 par-

29 1783 145 1825 tibus
176 1783 400 1825 institutae
440 1783 601 1824 arctius
641 1782 752 1823 inter
783 1797 827 1824 se
859 1782 1114 1823 coniunctae
1145 1781 1243 1822 sint.
1303 1780 1384 1823 Ni-

27 1839 182 1881 mirum
211 1839 331 1881 istud
361 1838 534 1894 quidem
565 1845 761 1894 apertum
782 1845 846 1881 est
866 1854 985 1880 more
1008 1838 1134 1894 plane
1156 1837 1383 1879 Socratico

29 1896 91 1937 ita
121 1897 285 1937 factum
312 1911 430 1949 esse,
464 1895 816 1949 quandoquidem
847 1895 986 1937 virum
1018 1895 1384 1951 sapientissimum

30 1958 203 1994 constat
220 1951 273 1994 de
294 1952 424 1994 rebus
446 1951 748 1994 diversissimis
768 1952 943 1994 liberius
967 1952 1190 2006 disputare
1209 1952 1385 1993 solitum

31 2023 150 2063 esse,
181 2009 328 2064 prouti
364 2009 497 2051 ferret
534 2010 752 2051 variorum
789 2016 1031 2065 temporum
1066 2009 1382 2065 opportunitas.

29 2065 130 2108 Hoc
159 2066 293 2122 igitur
318 2065 454 2122 ipsius
485 2066 727 2121 exemplum
760 2066 887 2108 etiam
919 2066 1045 2107 Plato
1076 2065 1268 2107 imitatus
1302 2070 1382 2119 est,

32 2128 77 2164 et
105 2123 263 2164 imitari
292 2128 411 2165 tanto
443 2123 604 2164 rectius
636 2123 791 2179 potuit,
818 2122 935 2177 quod
964 2123 1039 2163 illo
1068 2128 1262 2178 tempore
1295 2137 1383 2164 non

29 2178 76 2220 id
116 2180 229 2236 egit,
269 2186 318 2221 ut
361 2179 538 2234 aliquod
567 2179 790 2222 doctrinae
823 2187 1013 2236 systema
1043 2179 1272 2233 conderet,
1306 2178 1384 2221 sed

34 2236 136 2278 satis
166 2236 319 2278 habuit
350 2236 593 2291 ostendere,
627 2243 834 2290 quantum
865 2237 920 2278 ad
951 2237 1152 2278 virtutem
1187 2251 1237 2277 ac
1268 2235 1384 2291 sapi-

32 2292 191 2334 entiam
219 2293 290 2334 vel
316 2293 512 2335 veritatis
543 2294 835 2350 cognitionem
865 2294 1058 2347 referret,
1079 2302 1129 2334 ut
1149 2308 1253 2334 vera
1282 2292 1383 2334 sci-

35 2348 187 2390 entia
222 2349 381 2403 ubique
420 2356 689 2405 spectaretur
726 2357 856 2405 atque
895 2356 1013 2392 recta
1052 2348 1384 2392 disserendi

31 2405 204 2458 ratio,
228 2420 339 2460 quae
371 2405 427 2447 ad.
456 2407 573 2448 illam
603 2407 886 2463 perduceret,
919 2413 1212 2462 usurparetur.
1276 2405 1383 2448 Om-

32 2462 133 2504 nino
167 2477 268 2504 vero
299 2462 370 2504 hic
398 2464 616 2506 monuisse
638 2464 804 2506 iuvabit
825 2465 957 2506 falsos
983 2478 1078 2505 esse
1097 2462 1258 2504 iudicio
1285 2477 1381 2516 suo,

34 2518 108 2574 qui
139 2519 264 2561 nobis
293 2519 520 2561 Platonem
549 2520 764 2563 finxerunt
792 2521 993 2562 iuvenem
1025 2520 1212 2575 aliquem
1241 2518 1382 2576 philo-

34 2575 215 2631 sophiae
253 2577 566 2631 professorem,
610 2578 683 2632 qui
722 2593 807 2633 quo
846 2584 1039 2633 tempore
1083 2576 1383 2633 philosophari

0 2643 2 2651 *
35 2632 243 2688 coeperit,
265 2632 463 2675 debuerit
483 2633 566 2675 iam
587 2634 630 2675 in
652 2634 907 2690 compendio
940 2634 1196 2690 consignata
1223 2633 1382 2675 habere

37 2702 147 2743 quae
188 2688 339 2732 ordine
378 2689 583 2746 deinceps
622 2699 738 2734 esset
766 2691 1017 2733 traditurus.
1077 2690 1236 2744 Neque
1268 2690 1381 2732 enim

0 2768 1 2785 ι
36 2745 358 2802 compendiaria
386 2747 467 2788 fuit
485 2747 680 2789 Platonis
712 2749 937 2804 sapientia,
958 2746 1034 2789 sed
1059 2753 1250 2803 tempore
1280 2762 1380 2801 pro-
