1644 3039
1286 191 1446 233 LXIX

184 315 227 345 in
253 313 446 353 linguam
470 311 672 343 Latinam
696 309 945 349 convertit,
972 307 1352 340 annotationibus
1380 317 1445 339 ex-

185 369 406 413 planavit,
452 368 722 407 indicesque
762 377 906 399 rerum
938 376 984 398 ac
1016 364 1234 399 verborum
1265 375 1447 397 accura-

186 429 391 461 tissimos
426 426 597 458 adiecit
628 422 796 456 Frider.
831 424 991 457 Astiue.
1029 425 1110 458 Vol.
1136 422 1264 456 l-XI.
1291 422 1448 463 Lipsiae,

187 483 431 520 1819—1832.
447 482 480 517 8.
529 482 634 515 Tomi
649 490 776 512 novem
796 482 932 522 priores
952 483 1134 513 continent
1153 490 1261 520 opera
1276 480 1448 518 Platonis,

187 543 310 575 addita
355 541 484 573 Latina
512 539 805 580 interpretatione
843 547 1012 581 perquam
1039 538 1215 578 eleganti,
1240 547 1281 569 eo
1309 537 1450 578 quidem

190 600 313 632 ordine
346 599 521 630 collocata
552 598 613 628 illa
643 606 684 628 ac
712 596 905 636 disposita,
934 606 1036 637 quem
1061 595 1177 626 editor
1203 594 1450 626 celeberrimus

188 659 224 689 in
265 657 355 688 libro
383 656 443 687 De
471 656 570 686 Vita
596 658 637 686 et
667 652 865 694 Scriptis
900 653 1103 685 Platonis
1138 653 1240 683 unice
1275 653 1342 684 sibi
1371 662 1451 693 pro-

192 714 266 745 bari
300 713 467 744 ostendit.
517 711 673 743 Graecae
690 711 841 742 orationi
868 711 1026 742 subiecta
1051 715 1105 740 est
1129 709 1245 741 brevis
1271 711 1452 741 annotatio

191 770 326 809 critica,
352 780 420 810 qua
444 770 480 800 id
505 770 655 801 maxime
682 769 817 809 agitur,
845 774 882 799 ut
909 772 1082 809 quatenus
1108 768 1150 798 ab
1177 767 1372 798 editionum
1397 777 1451 798 su·

191 828 370 868 perior-um
387 828 595 859 auctoritate
615 827 809 858 discessum
823 827 879 864 sit,
898 826 1018 867 paucis
1038 825 1267 865 significetur.
1316 823 1455 865 Optime

192 895 276 915 vero
302 885 430 916 meruit
454 885 609 916 Astius
641 895 695 924 eo,
721 885 816 925 quod
846 883 1028 915 Platonem
1054 883 1090 913 in
1116 883 1271 923 linguam
1294 881 1455 912 Latinam

146 960 149 965 ι
194 943 384 980 convertit3
412 941 495 973 fecit
527 942 619 973 enim
644 942 710 973 hoc
736 946 833 972 tanta
860 941 1045 981 diligentia
1069 945 1174 980 atque
1200 939 1392 978 elegantia,
1420 943 1457 969 ut

192 1001 237 1031 iis
263 999 442 1038 omnibus,
470 999 528 1039 qui
555 1004 660 1030 antea
688 999 780 1030 idem
807 1003 969 1039 egerant,
997 1008 1040 1028 ne
1066 996 1290 1028 Cornario
1316 996 1455 1036 quidem

193 1060 359 1097 excepto,
384 1056 535 1097 palmam
568 1057 806 1097 praeripuisse
837 1055 1046 1087 iudicandus
1080 1055 1136 1085 sit.
1186 1052 1363 1090 Quocirca
1391 1052 1457 1083 hoc

195 1114 335 1156 quidem
367 1114 508 1145 nomine
540 1113 691 1144 maxima
722 1114 882 1154 profecto
914 1113 982 1153 ipsi
1025 1112 1170 1143 debetur
1202 1111 1326 1151 gratia.
1385 1108 1457 1141 Sed

194 1171 388 1212 optandum
442 1170 528 1209 fnit,
585 1174 623 1200 ut
679 1172 783 1203 etiam
838 1169 1183 1201 Commentariorum
1240 1177 1331 1208 opus
1394 1167 1459 1208 ipsi

196 1228 319 1259 liceret
346 1228 550 1266 absolvere,
578 1224 673 1268 quod
699 1226 761 1259 sati
794 1228 939 1259 tristitia
965 1236 1165 1268 oppressus,
1194 1225 1283 1256 obiit
1308 1225 1398 1256 enim
1426 1225 1458 1256 d.

197 1285 267 1317 111.
293 1289 374 1316 ante
399 1283 479 1315 Kal.
495 1283 577 1315 Jan.
595 1284 876 1322 MDCCCXLL,
902 1283 1145 1326 imperfectum
1171 1282 1322 1323 reliquit.
1370 1280 1460 1312 Nam

200 1342 274 1374 vol.
300 1342 344 1375 X.
371 1346 405 1373 et
422 1341 487 1373 XI.
517 1342 698 1372 continent
722 1346 858 1372 tantum
882 1341 1160 1372 Annotationem
1186 1341 1223 1371 in
1252 1339 1462 1377 Phaedrum,

197 1398 367 1440 Gorgiam
394 1405 428 1430 et
454 1399 697 1433 Phaedonem,
724 1399 828 1439 longe
855 1399 950 1430 illam
977 1399 1187 1429 uberrimam
1214 1402 1318 1438 atque
1343 1396 1461 1437 eopio-

198 1457 390 1493 sissimam,
437 1456 722 1497 quandoquidem
766 1456 819 1486 vir
859 1455 1184 1496 praestantissimus
1229 1465 1306 1485 cum
1348 1463 1464 1484 reruni

196 1519 232 1545 et
266 1513 456 1544 verborum
482 1514 718 1554 explicatione
742 1513 882 1554 plenam
909 1514 1087 1544 variarum
1113 1513 1299 1543 lectionum
1324 1512 1367 1542 ab
1396 1511 1453 1541 lm

205 1571 261 1602 Be
275 1571 414 1602 kkero
441 1575 547 1611 atque
560 1570 662 1602 nobis
684 1570 940 1611 publicatarum
958 1570 1217 1601 enarrationem
1243 1568 1465 1599 coniunctam

200 1638 276 1660 esse
292 1628 416 1659 voluit.
456 1626 535 1665 Qua
550 1629 628 1669 ipsa
643 1638 680 1659 re
693 1628 772 1658 fieri
788 1637 861 1659 non
876 1628 1005 1669 potuit,
1023 1628 1107 1668 quin
1122 1625 1376 1657 Commentarii
1391 1625 1466 1656 eius

202 1687 395 1717 existerent
415 1686 522 1716 multo
538 1686 754 1726 prolixiores
772 1675 881 1725 quam·
901 1685 1018 1721 velles,
1036 1684 1133 1724 iique
1158 1684 1260 1723 tales,
1286 1683 1378 1714 unde
1405 1693 1467 1714 nec

156 1768 158 1770 .
201 1743 343 1775 criticae
368 1743 523 1774 rationes
547 1753 799 1784 usquequaque
824 1742 1121 1783 perspicerentur,
1138 1750 1202 1771 nec
1227 1750 1318 1781 quae
1344 1740 1391 1771 ad
1415 1740 1467 1770 in-

202 1800 490 1842 terpretationem
518 1800 702 1840 scriptoris
716 1800 904 1840 pertinent,
919 1798 1105 1839 perspicue
1124 1806 1341 1837 cognoscere
1357 1800 1391 1827 et
1415 1798 1466 1827 iu-

209 1858 328 1889 dicare
360 1857 492 1888 liceret.
542 1856 633 1887 Sunt
671 1857 762 1888 enim
793 1857 830 1887 in
860 1857 903 1887 iis
948 1865 1038 1895 quae
1075 1860 1203 1885 natura
1234 1864 1298 1886 sua
1322 1854 1469 1884 multum

207 1915 410 1953 discrepant
434 1914 524 1944 inter
561 1923 598 1944 se
615 1914 704 1945 male
729 1913 878 1945 confusa
897 1922 959 1944 nec
974 1922 1054 1943 raro
1070 1913 1175 1943 etiam
1190 1912 1468 1952 disputationum

206 1970 412 2011 ambagibus
429 1969 617 2001 obscurata
631 1971 743 2011 magis
759 1981 862 2011 quam
884 1971 1073 2002 illustrata.
1122 1968 1360 2000 Nihilominus
1387 1977 1470 1998 vero

207 2029 244 2059 in
269 2027 396 2059 iisdem
415 2027 520 2058 etiam
544 2029 766 2068 reperiuntur
781 2028 940 2069 plurima,
958 2027 1078 2068 qualia
1101 2026 1144 2056 ab
1162 2025 1285 2056 Astii
1312 2025 1473 2056 doctrina.

211 2090 246 2117 et
271 2085 414 2125 ingenio
440 2083 543 2115 facile
568 2086 842 2126 exspectaveris,
857 2089 893 2116 ut
908 2084 1067 2126 profecto
1095 2084 1285 2114 dolendum
1310 2083 1366 2119 sit,
1384 2092 1472 2122 opus

208 2142 434 2175 laudabiliter
448 2141 645 2172 institutum
663 2152 703 2174 ac
716 2148 917 2184 susceptum
932 2151 1001 2172 non
1015 2141 1174 2182 potuisse
1191 2150 1212 2171 a
1227 2140 1304 2171 viro
1332 2139 1472 2180 egregio

211 2200 394 2243 profligari
409 2204 442 2230 et
458 2200 502 2230 ad
519 2200 653 2230 exitum
670 2209 778 2240 usque
795 2199 951 2240 perduci.
1000 2200 1143 2229 Praeter
1166 2197 1229 2229 has
1258 2207 1342 2228 vero
1369 2195 1473 2227 Corn-

212 2258 464 2289 mentariorum
477 2261 594 2297 partes
609 2257 797 2296 separatim
812 2256 1021 2297 prodierunt
1035 2255 1174 2286 Indices
1192 2255 1391 2293 verborum,
1414 2253 1473 2294 qui

213 2315 262 2345 sic
293 2314 452 2354 inscripti
483 2318 580 2344 sunt:
629 2313 825 2345 Lexicon
861 2313 1163 2351 Platonicum,
1196 2313 1292 2343 sive
1318 2321 1475 2342 vocum

217 2370 546 2401 Platoniearum
577 2370 719 2401 index.
770 2369 943 2402 Condidit
975 2370 1142 2401 Frider.
1175 2369 1344 2402 Astius.
1398 2367 1474 2399 Vol.

213 2427 347 2459 1—111.
372 2427 528 2467 Lipsiae,
553 2426 751 2461 1835—38.
777 2427 808 2461 8.
857 2427 965 2462 Quod
991 2426 1131 2467 quidem
1154 2436 1242 2466 opus
1269 2425 1335 2456 etsi
1361 2434 1477 2455 rerum

216 2484 488 2526 explicationem
514 2484 618 2516 habet
643 2485 787 2525 nullam,
803 2490 920 2517 tamen
937 2485 1020 2525 quia
1032 2494 1132 2515 usum
1147 2483 1335 2514 verborum
1360 2492 1477 2522 perse-

217 2542 336 2582 quitur
350 2541 626 2583 accuratissime,
645 2543 713 2574 hoc
731 2546 783 2573 est
797 2542 858 2582 sic,
875 2548 912 2573 ut
937 2542 1005 2573 loci
1033 2551 1168 2579 omnes,
1184 2540 1244 2571 ubi
1260 2539 1401 2580 singula.
1416 2550 1478 2570 vo-

217 2599 342 2630 eabula
365 2599 598 2639 reperiuntur,
615 2610 718 2640 quam
742 2600 944 2641 plenissime
960 2603 1206 2630 recenseantur
1227 2601 1261 2628 et
1275 2606 1478 2628 enumeren-

217 2662 284 2698 tur,
309 2656 397 2687 tanti
412 2656 670 2687 aestimandum
686 2663 750 2696 est,
770 2661 806 2688 ut
824 2658 858 2688 in
876 2656 1189 2698 praestantissimis
1204 2655 1400 2686 studiorum
1417 2664 1480 2685 no·

218 2717 370 2744 atrorum
388 2713 575 2753 praesidiis
588 2717 621 2744 et
635 2714 846 2746 adiumentis
862 2713 1060 2745 habendum
1076 2713 1246 2744 videatur.
1271 2711 1479 2753 Quanquam

220 2770 278 2809 qni
305 2770 364 2802 illo
391 2775 482 2802 recte
510 2771 558 2800 uti
586 2771 771 2809 volut-rint,
791 2771 814 2802 ii
841 2780 981 2803 neeesse
1009 2774 1060 2803 est
1080 2770 1262 2802 Platonem
1289 2769 1402 2810 ipsum
1429 2778 1479 2800 se-
