1644 3039
1284 177 1394 218 XLI

51 295 400 352 quandoquidem
431 295 474 336 in
506 294 556 335 iis
583 292 628 334 id
658 293 815 348 agitur,
846 299 894 334 ut
923 291 1024 333 dum
1056 290 1295 347 sophistica
1324 299 1399 333 aut

49 354 241 410 vulgaris
280 350 520 394 disserendi
548 350 657 392 ratio
690 348 910 390 deluditur
941 365 989 391 ac
1030 363 1141 390 vana
1186 355 1229 389 et
1258 348 1398 390 inanis

140 526 331 567 doquidem
363 525 406 556 ab
431 524 493 555 illo
519 522 599 554 inde
625 527 781 563 tempore
808 524 1018 554 exstiterunt
1043 523 1203 562 plurimi,
1234 522 1295 562 qui
1322 532 1398 553 sen-

141 573 285 604 tentiam
317 575 471 602 nostram
519 569 573 600 vel
611 579 756 601 assensu
789 578 853 599 suo
885 569 1169 609 comprobarent,
1206 569 1258 599 vel
1294 569 1399 599 etiam

141 619 277 650 doctius
303 620 518 658 exponerent
542 619 576 647 et
599 616 671 647 suis
705 615 838 646 additis
862 615 1211 646 commentationibus
1238 614 1280 645 ad
1307 623 1398 645 com—

139 674 276 696 munem
317 664 498 695 doctorum
537 661 714 693 hominum
761 662 1054 702 approbationem
1102 660 1398 692 commendarent.

140 710 244 748 Quod
280 710 420 751 quidem
458 708 627 749 imprimis
660 708 786 738 fecisse
824 708 1019 738 censendus
1057 712 1110 738 cst
1147 707 1240 737 Car.
1278 706 1400 737 Frid.

140 756 426 787 Hermannus
457 755 492 784 in
529 764 635 795 opere
672 754 993 795 praestantissimo:
1049 753 1316 784 Geschichte
1366 763 1399 784 u.

140 803 313 843 system
346 802 378 833 d.
421 801 585 831 Platon.
622 800 934 841 philosophie.
969 800 1046 832 Vol.
1083 799 1111 833 Ι.
1150 800 1259 841 (proh
1295 799 1400 830 dolor

136 849 321 888 unicumt)
353 847 577 888 Heidelberg.
616 856 646 878 a.
674 845 774 880 1839.
807 847 867 887 qui
898 847 979 877 licet
1014 847 1162 887 plurima.
1198 845 1398 877 accuratius

137 895 182 926 sit
206 895 351 925 rimatus
377 893 584 934 doctiusque
599 893 813 934 exposuerit,
827 898 942 924 tamen
969 893 1002 923 in
1029 893 1228 923 universum
1254 897 1398 922 nostrae

137 941 332 972 sententiae
356 940 459 980 plane
485 940 643 971 accessit.
692 939 817 980 Neque
837 939 879 970 ab
911 949 951 970 ea
978 939 1120 969 multum
1146 939 1401 973 discesserunt,

138 987 198 1028 qui
231 996 342 1027 nuper
372 985 516 1017 eandem
549 987 653 1017 telam
685 986 752 1016 sibi
778 985 891 1016 denuo
928 985 1146 1015 tractandam
1185 989 1400 1022 sumserunt,

137 1031 488 1065 Car.Steinhart.
514 1032 549 1062 in
566 1032 757 1063 introduct.
784 1032 829 1062 ad
851 1032 982 1062 Platon.
1006 1030 1118 1072 Opera
1146 1032 1188 1062 ab
1214 1030 1398 1062 Hieron.

135 1078 330 1111 Miillero
370 1087 462 1109 nova
499 1078 788 1120 interpretatione
830 1076 1040 1109 Germanica
1086 1081 1257 1116 mactata,
1296 1082 1400 1116 atque

135 1124 401 1156 Francisous
429 1123 668 1156 Susemihl:
694 1123 902 1156 Genetisclie
918 1124 1191 1163 Entwickelung
1218 1124 1280 1154 der
1306 1123 1400 1154 Plat.

138 1170 716 1213 Pliilosophie.v01.l.et11.Lips.
734 1170 823 1204 1855
834 1177 865 1201 et
878 1170 976 1204 1857.
989 1169 1019 1203 S.
1040 1169 1248 1210 Quanquam
1266 1169 1300 1200 hi
1315 1179 1400 1211 quo-

139 1227 204 1258 que
217 1218 379 1248 doctrina
398 1222 431 1248 et
446 1217 639 1248 subtilitate
653 1228 715 1248 sua
732 1228 837 1257 quum
856 1217 1075 1257 singulorum
1102 1216 1270 1247 librorum
1297 1225 1399 1255 argu-

135 1264 261 1294 mentis
286 1267 359 1294 tum
385 1263 568 1294 universae
595 1264 637 1294 de
663 1273 783 1294 eorum
810 1268 887 1294 ortu
920 1268 955 1294 et
979 1262 1239 1293 necessitudine
1255 1267 1397 1302 quaest-

135 1309 400 1350 ioniplurimum
416 1316 529 1340 novae
549 1310 637 1340 lucis
654 1309 866 1346 affinxerunt,
886 1319 955 1349 qua
973 1309 1127 1349 gaudere
1151 1307 1233 1338 huic
1260 1309 1398 1339 demum

136 1356 244 1386 aetati
267 1361 346 1397 post
381 1355 602 1386 diuturniora
631 1356 821 1396 sapientiae
849 1355 1053 1386 Platonicae
1087 1354 1204 1386 studia
1237 1355 1398 1394 contigit.

140 1399 347 1442 Quanquam
385 1410 449 1431 nec
490 1401 676 1432 defuerunt
716 1412 824 1442 nuper
857 1403 914 1442 qui
954 1403 1056 1432 aliam
1099 1401 1188 1431 viam
1223 1405 1257 1431 et
1291 1402 1398 1431 ratio-

136 1456 216 1477 nem
270 1447 500 1478 difficillimae
556 1448 773 1488 quaestionis
820 1447 1060 1488 expediendae
1115 1447 1397 1487 ingrederentur.

133 1492 190 1524 Ex
221 1502 368 1534 quorum
398 1502 543 1524 numero
579 1493 667 1524 duos
693 1495 894 1525 nominasse
919 1493 1088 1532 sufficiet,
1115 1493 1262 1523 alterum
1289 1491 1330 1524 G.
1358 1492 1398 1524 F.

134 1537 192 1572 W.
219 1539 507 1578 Succowium,
540 1538 885 1577 wratislaviensem,
912 1541 946 1571 in
973 1539 1081 1572 libro:
1110 1538 1193 1569 Die
1220 1539 1398 1570 wisseu

135 1584 400 1616 schaftliehe
417 1595 449 1616 u.
466 1585 776 1617 kiinstleriscli
791 1586 945 1618 eForm
969 1586 1042 1617 der
1057 1585 1298 1617 Platonisc
1314 1585 1397 1617 hen

134 1630 547 1664 Schriften.Berolin.
566 1631 866 1666 1855.8.alterum
886 1632 1396 1665 EduardumMunkium.

134 1674 425 1717 Glogaviensem,
461 1678 499 1709 in
530 1688 635 1719 opere
677 1680 727 1711 sie
765 1680 957 1720 inscripto:
1007 1678 1083 1710 Die
1126 1677 1396 1709 natiirliche

132 1720 345 1765 Ordnung
371 1724 455 1755 der
485 1724 802 1757 Platonisehen
839 1725 1086 1757 Schriften.
1116 1723 1391 1758 Beroliuusw.

132 1768 164 1802 8.
240 1770 288 1800 Et
335 1769 471 1801 Succo
483 1770 591 1802 wius
640 1771 780 1812 quidem
828 1776 1016 1812 postquam
1063 1771 1221 1801 oratione
1275 1771 1396 1802 admo-

135 1815 218 1846 dum
281 1816 421 1857 prolixa
473 1817 648 1853 ostendit,
712 1817 853 1858 probari
920 1818 986 1848 sibi
1052 1817 1153 1847 unice
1222 1817 1396 1848 rationem

133 1861 553 1901 Schleiermaeheri‚
625 1863 682 1903 qui
750 1864 911 1903 dialogos
968 1863 1137 1903 quosdam
1194 1863 1393 1903 primarios,

132 1906 201 1937 fide
256 1908 535 1939 testimoniorum
596 1909 767 1949 munitos,
830 1909 1070 1948 constituerit,
1135 1909 1228 1939 unde
1289 1919 1395 1950 quum

135 1953 223 1983 ratio
269 1962 309 1985 ac
349 1954 509 1985 doctrina
555 1954 715 1986 Platonis
765 1961 837 1986 tum
877 1955 1086 1996 scriptorum
1131 1955 1205 1985 eius
1243 1957 1393 1987 necessi-

134 1999 220 2029 tudo
259 2004 293 2029 et
331 2001 531 2031 coniunctio
573 2006 819 2042 cognoscatur,
856 2002 1047 2042 improbari
1085 2002 1223 2042 penitus
1255 2002 1394 2033 illorum

134 2045 352 2083 sententiam,
383 2047 442 2087 qui
468 2047 617 2078 lustrato
644 2049 735 2078 vitae
761 2054 795 2080 et
824 2049 1021 2079 studiorum
1048 2058 1163 2089 cursu,
1189 2057 1291 2087 quem
1317 2049 1393 2089 phi-

133 2091 302 2132 losophus
338 2093 512 2133 exegerit,
539 2095 747 2135 scriptorum
773 2094 1039 2126 Platonicorum
1079 2094 1238 2124 ordinem
1265 2096 1394 2126 consti-

137 2139 286 2175 tuerint,
313 2140 478 2180 quoniam
510 2141 645 2171 scilicet
675 2141 744 2171 isto
770 2142 874 2173 modo
904 2141 1051 2171 interior
1077 2149 1197 2171 eorum
1224 2150 1334 2172 nexus
1361 2147 1395 2172 et

133 2183 358 2216 cohaerentia
384 2195 453 2217 non
479 2187 712 2230 intelligatur3
740 2187 866 2218 deinde
888 2197 928 2218 eo
956 2187 1192 2227 progreditur,
1218 2191 1256 2217 ut
1281 2188 1394 2227 ipsum

135 2228 603 2264 Schleiermacherum
629 2234 753 2264 doceat
777 2234 820 2265 ab
848 2234 1011 2265 Albino
1031 2233 1216 2264 Platonico
1246 2233 1391 2264 multum

137 2285 212 2306 esse
238 2286 450 2317 superatum,
467 2279 525 2320 qui
552 2279 681 2320 scripta
699 2279 858 2311 Platonis
886 2281 988 2312 etiam
1014 2280 1137 2310 melius
1162 2278 1223 2309 illo
1250 2280 1392 2311 ordina-

135 2321 226 2352 verit
249 2332 289 2354 ac
314 2323 551 2368 disposuerit3
576 2336 609 2356 v.
626 2337 659 2367 p.
683 2325 814 2367 27sqq.
864 2327 987 2366 Itaque
1014 2335 1089 2356 sese
1115 2324 1246 2355 fatetur
1269 2326 1392 2357 Albi—

135 2377 155 2398 n
167 2377 233 2398 um
249 2368 370 2400 ducem
388 2377 589 2412 sequentem
617 2373 890 2413 disputationem
917 2373 1113 2403 institutam
1129 2377 1393 2411 persecuturum

134 2422 222 2444 esse.
269 2412 346 2452 Quo
379 2416 474 2448 facto
506 2428 650 2449 examen
676 2419 972 2456 testimoniorum,
999 2419 1041 2450 de
1067 2417 1205 2458 scriptis
1232 2417 1392 2449 Platonis

132 2459 364 2501 proditorum,
379 2462 547 2503 imprimis
562 2465 777 2499 Aristotelis.
792 2465 955 2503 instituit,
975 2475 1043 2505 quo
1073 2463 1262 2495 secundum
1282 2465 1392 2505 ipsius

134 2508 340 2538 sententiam
366 2508 532 2550 Hippiam
556 2512 740 2547 maiorem,
766 2511 1011 2547 Menexenum,
1037 2510 1237 2548 Politicum,
1264 2509 1391 2551 Leges,

133 2552 380 2592 Epinomidem
414 2560 448 2586 et
473 2554 639 2595 Critiam,
669 2557 806 2588 Platoni
841 2567 903 2598 per
926 2556 1084 2588 fraudem
1118 2555 1292 2587 subiectos
1317 2568 1392 2589 esse

138 2598 307 2637 efficitur,
358 2601 531 2641 siquidem
586 2604 796 2634 Aristoteles
852 2607 911 2634 aut
951 2604 1053 2634 etiam
1100 2602 1160 2633 alii
1204 2603 1390 2643 scriptores

136 2649 290 2684 veteres,
323 2656 470 2687 quorum
502 2650 702 2681 auctoritati
733 2650 868 2690 aliquid
892 2649 1113 2680 tribuendum
1140 2648 1203 2686 sit,
1231 2659 1291 2680 eos
1318 2660 1390 2681 non

134 2690 265 2722 diserte
290 2699 573 2734 commemorent,
599 2696 655 2727 vel
680 2696 784 2727 etiam
806 2705 846 2727 ea
870 2696 1012 2737 prodita
1037 2695 1268 2735 reperiantur,
1298 2697 1391 2728 unde

132 2745 194 2768 eos
234 2747 306 2769 non
348 2749 370 2770 a
393 2739 543 2772 Platone
568 2742 743 2782 profectos
774 2752 850 2773 esse
882 2742 1047 2782 colligere
1078 2741 1199 2777 liceat,
1230 2741 1267 2773 id
1298 2744 1391 2784 quod

134 2783 302 2824 imprimis
335 2785 370 2816 in
406 2786 517 2827 Leges
551 2788 737 2820 convenire
771 2789 837 2827 ait,
870 2798 955 2829 quas
981 2787 1119 2828 spurias
1145 2797 1220 2819 esse
1245 2797 1283 2820 ac
1309 2789 1389 2820 sub-
