1644 3039
188 187 241 227 28
562 184 1044 228 PROLEGOMENA
1075 186 1163 228 AD

185 298 349 355 phandi
381 298 524 340 studia
553 297 816 340 tetenderint
844 305 887 340 et
917 314 1127 354 quaenam
1147 300 1283 355 ipsius
1316 300 1448 342 fuerit
1478 300 1532 342 de

185 356 345 411 pietate
388 361 430 396 et
469 355 676 410 religione
724 356 960 409 sententia,
998 355 1207 421 deinceps
1247 356 1376 398 etiam
1425 356 1534 398 illud

186 411 444 464 ostenditur,
478 411 694 474 qualem
726 412 827 452 ille
864 427 920 453 se
962 412 1131 453 civem
1162 414 1213 454 in
1243 413 1534 468 republica

185 468 455 524 gesserit3
500 483 572 522 qm
612 467 732 510 locus
771 474 982 510 tractatur
1020 468 1121 510 inde
1152 485 1177 511 a
1205 486 1245 527 p.
1279 471 1346 511 31.
1378 468 1429 511 C.
1461 485 1532 511 us-

186 540 269 589 que
300 524 354 565 ad
385 540 426 578 p.
459 525 525 566 34.
559 525 610 565 B.
669 525 851 566 Fatetur
883 532 1022 567 autem
1053 532 1199 589 orator
1227 526 1425 582 primum,
1459 526 1533 568 ab·

185 582 386 623 stinuisse
422 596 466 623 se
498 581 716 636 republica
738 582 902 622 monitu
923 581 1151 637 daemonii,
1183 581 1265 624 hoc
1295 589 1375 635 est,
1410 597 1533 647 prae-

185 639 397 694 sagitione
438 638 623 692 quadam
664 639 792 679 animi
834 638 1034 690 ductum,
1076 654 1161 693 qua
1206 645 1322 680 certo
1362 640 1533 694 praevi-

185 673 319 748 derit,
362 710 517 750 operae
560 710 661 736 suae
701 695 865 736 nullum
897 697 1083 736 fructum
1116 698 1219 737 1016.
1281 695 1363 737 Cui
1394 695 1530 749 addit,

184 766 279 794 esse
313 767 357 792 se
389 752 537 805 utique
569 752 613 792 in
645 767 694 793 ea
724 752 959 805 sententia,
1002 758 1048 792 ut
1078 758 1225 807 putet,
1269 753 1305 794 si
1345 753 1532 808 capessi-

184 809 318 850 visset
343 809 678 863 rempublicam
710 809 901 849 futurum
935 809 1082 862 fuisse,
1115 815 1164 850 ut
1195 809 1393 851 interitus
1425 823 1531 851 suus

182 865 267 906 iam
299 864 461 906 dudum
492 865 827 917 acceleraretur,
867 865 1218 930 quandoquidem
1258 881 1426 930 semper
1466 866 1532 907 in-

183 922 374 963 iustitiae
412 928 499 963 tam
538 923 581 963 in
613 921 875 963 (161110613113
907 937 1033 976 quam
1075 923 1154 964 sub
1186 923 1363 978 imperio
1393 938 1532 979 popu-

184 978 262 1019 lari
302 978 508 1019 1651116111
548 980 601 1029 ³¹²).
675 978 844 1031 Quibus
889 978 1032 1020 verbis
1083 979 1327 1035 significat,
1366 985 1532 1020 tantam

184 1035 398 1091 ingruisse
438 1036 519 1077 sibi
566 1036 699 1076 visam
740 1051 833 1076 esse
864 1036 908 1076 111
938 1016 1206 1077 Athenarum
1236 1037 1411 1077 civitate
1441 1052 1531 1077 mo-

182 1107 276 1133 rum
308 1091 675 1147 depravationem,
708 1098 755 1133 ut
785 1093 881 1147 ipse
911 1091 1084 1146 quidem
1114 1099 1266 1147 utpote
1292 1093 1531 1148 sapientiae

184 1154 227 1190 et
263 1148 435 1189 virtutis
474 1149 693 1190 studiosus
739 1148 791 1190 de
831 1150 1047 1190 communi
1093 1149 1232 1190 salute
1273 1150 1334 1190 ita
1364 1155 1531 1191 tantum

184 1205 292 1247 bene
324 1219 369 1245 sc
401 1205 551 1246 mereri
585 1220 711 1259 posse
745 1206 1004 1269 speraverit,
1038 1206 1074 1247 si
1109 1206 1320 1260 privatam
1351 1205 1530 1262 degeret

183 1262 316 1302 vitam
362 1268 492 1316 atque
542 1262 728 1325 publicis
769 1262 957 1317 negotiis
1000 1262 1125 1316 plane
1164 1263 1411 1304 abstineret.
1480 1262 1530 1303 In

184 1334 269 1373 quo
309 1318 552 1374 Apologiae
602 1318 852 1374 scriptoiein
892 1319 1100 1375 magistro
1140 1334 1219 1360 suo
1259 1319 1363 1360 nihil
1406 1319 1531 1360 affin-

182 1375 319 1428 xisse,
371 1375 489 1429 quod
529 1375 581 1417 ab
623 1390 714 1416 61115
756 1390 941 1429 persona
963 1354 1053 1416 Daut
1090 1376 1305 1417 sententia
1345 1375 1531 1417 alienum

184 1432 336 1496 fuerit,
383 1433 577 1486 profecto
619 1447 743 1472 nemo
790 1447 1017 1486 qulsquam
1057 1431 1296 1485 dubitabit,
1343 1433 1416 1486 qui
1455 1439 1530 1473 aut

183 1489 297 1529 vitae
330 1503 529 1541 cursum,
564 1503 691 1542 quam
722 1491 866 1544 exegit
896 1488 1122 1541 Socrates,
1157 1488 1421 1542 lustraverit,
1455 1494 1530 1530 aut

183 1545 328 1610 paullo
355 1544 607 1600 dili‹›·entius
628 1544 980 1599 consideraverit,
1004 1560 1113 1599 quae
1133 1545 1276 1598 fuerit,
1312 1551 1530 1600 postrema

184 1602 377 1657 imprinis
430 1602 511 1642 xiii
560 1608 724 1654 aetate,
782 1601 955 1643 Atticae
1010 1577 1276 1656 reipublicae¹⁷
1323 1601 1526 1643 conditio.

183 1658 415 1700 Enimvero
464 1658 792 1699 dominabantur
842 1673 944 1699 sane
992 1658 1076 1699 illis
1117 1658 1384 1714 temporibus
1432 1674 1528 1715 par-

182 1715 287 1756 tium
318 1714 460 1756 studia
489 1722 532 1756 et
561 1715 697 1756 malae
715 1714 974 1770 cupiditates
995 1715 1366 1770 intemperantius,
1401 1730 1528 1771 quam

182 1779 231 1815 ut
266 1771 319 1825 ii,
361 1772 434 1827 qui
473 1772 710 1827 sapientiae
751 1771 904 1813 studiis
936 1778 1081 1813 essent
1121 1771 1277 1825 dediti,
1320 1787 1416 1813 sese
1452 1788 1528 1828 pa-

182 1829 292 1870 triae
313 1829 485 1884 publice
503 1829 632 1870 utiles
659 1829 751 1870 fore
782 1843 956 1884 sperare
977 1844 1105 1883 posse
1123 1828 1382 1870 viderentur.
1414 1828 1528 1870 Nam

183 1884 446 1927 democratia
488 1885 662 1939 quidem
709 1886 753 1926 in
792 1885 1115 1926 immoderatam
1162 1886 1333 1926 infimae
1387 1885 1528 1941 plebis

183 1941 400 1983 licentiam
440 1942 628 1995 abierat,
670 1957 779 1995 quae
818 1942 861 1982 in
904 1942 1143 1997 petulantia
1182 1942 1444 1996 libertatem,
1484 1942 1528 1983 in

214 1999 384 2040 rocacia
414 1998 663 2039 felicitatem
695 1999 881 2052 positam
913 2013 1005 2040 esse
1037 1999 1302 2040 existimaret
1332 1999 1420 2052 **),
1463 1999 1527 2039 111-

182 2014 328 2109 iiilque
367 2070 444 2110 pro
475 2056 590 2096 bono
632 2061 675 2095 et
715 2054 898 2096 honesto
941 2054 1141 2109 duceret,
1181 2054 1298 2110 quod
1338 2070 1423 2096 non
1463 2055 1527 2096 lu-

183 2110 401 2153 bidinibus
459 2112 546 2154 suis
610 2112 904 2164 satisfaceret,
965 2111 1179 2153 mentibus
1234 2111 1361 2153 etiam
1410 2111 1527 2152 inani

658 2185 673 2205 U

229 2292 270 2333 ὓ)
297 2294 609 2373 ῗῗυζλΧωιορὴ.
636 2294 740 2326 Μ6111.
769 2294 797 2326 Ι.
828 2294 864 2334 1,
891 2294 945 2327 10.
971 2293 1031 2325 IV.
1051 2292 1084 2333 4,
1114 2294 1146 2327 2.
1172 2293 1357 2334 Diogen.
1383 2293 1523 2325 Laert.

214 2386 270 2428 n)
300 2387 381 2419 Inde
421 2387 550 2418 factum
588 2392 656 2426 est,
698 2391 735 2417 ut
768 2385 927 2417 Socrates
969 2386 1062 2425 leges
1095 2386 1246 2417 Aristidi
1276 2395 1385 2427 prope
1416 2386 1524 2416 invito

299 2437 473 2472 extortas,
509 2434 551 2463 de
584 2434 708 2473 quibus
735 2443 765 2465 v.
791 2432 942 2463 Luzac.
993 2431 1114 2462 Oratio
1146 2433 1188 2463 de
1214 2431 1356 2463 Socrate
1382 2429 1467 2462 Cive
1491 2441 1524 2472 p.

301 2478 341 2512 18
368 2490 445 2519 sqq.
471 2489 547 2509 cum
576 2480 725 2512 Isocrate
750 2478 894 2518 aliisque
919 2478 1052 2508 civibus
1077 2478 1360 2518 prudentioribus
1384 2477 1524 2508 insanas

297 2530 331 2555 et
361 2525 508 2565 publicis
542 2525 730 2556 commodis
772 2524 936 2555 adversas
975 2524 1117 2554 diceret.
1172 2523 1275 2563 Quis,
1309 2523 1438 2562 aiebat,
1470 2523 1524 2554 vel

298 2571 419 2602 domus
444 2578 526 2602 suae
552 2572 686 2602 fabrum
711 2570 765 2602 vel
794 2570 893 2601 navis
919 2570 1183 2609 gubernatorem
1212 2573 1304 2600 sorte
1327 2570 1442 2609 legere
1467 2579 1523 2600 ve-

297 2617 354 2655 lit3
380 2618 625 2657 peritissimum
650 2617 796 2658 quisque
828 2616 892 2647 sibi
926 2618 1041 2656 optat,
1072 2626 1144 2647 non
1169 2626 1269 2656 quem
1294 2616 1366 2646 fors
1392 2615 1523 2646 obtule-

298 2663 354 2692 rit.
401 2663 447 2693 Et
477 2667 590 2694 tamen
622 2663 657 2694 in
690 2663 752 2694 hac
784 2666 903 2694 nostra
928 2662 1067 2693 civitate
1091 2663 1140 2693 ita
1164 2662 1330 2700 vivimus,
1364 2666 1400 2691 ut
1424 2660 1524 2692 fabae

297 2709 509 2740 constituant
543 2710 640 2749 illos,
678 2708 801 2750 quibus
834 2718 967 2739 summa
995 2707 1140 2749 reipubl.
1174 2708 1219 2738 sit
1241 2706 1521 2746 committenda‚“

300 2753 494 2795 Xenoph.
521 2755 623 2788 Mem.
651 2755 672 2786 Ι.
697 2754 729 2793 2,
755 2754 784 2787 9.
