1644 3039
1258 191 1376 232 XXI

28 306 241 350 fendenda
272 314 506 361 sumserat,
539 306 668 362 idque
701 306 792 359 sic,
826 314 873 347 ut
902 321 981 362 pro
1014 320 1129 347 inore
1159 303 1373 360 posterio-

26 381 119 406 rum
157 364 452 406 Eleatieorum
504 370 594 406 arte
639 363 866 405 dialectica
905 361 1140 404 studiosius
1178 367 1374 402 uteretur

26 421 80 462 ad
112 437 163 463 ea
194 420 494 475 dilucidanda,
538 421 604 462 vel
643 421 786 476 potius
829 420 1080 462 abuteretur
1110 419 1163 473 ¹⁸¹).
1227 416 1374 470 Quare

25 478 150 520 facile
190 484 257 520 est
297 477 351 519 ad
388 477 738 534 intelligendum,
784 477 857 532 qui
889 477 1047 518 factum
1078 476 1156 529 sit,
1197 480 1246 516 ut
1276 475 1373 516 Me-

25 535 159 592 garici
188 536 493 591 impugnarent
522 534 719 577 Platonis
751 533 1013 587 doctrinam,
1046 539 1094 574 ut
1125 547 1234 587 quae
1265 531 1372 572 Par-

23 591 203 634 menidis
236 592 490 634 sententiam
528 591 580 633 de
614 592 766 645 οὐσίᾳ,
811 592 1006 646 quamvis
1045 605 1245 646 magnam
1276 604 1373 630 cum

24 650 98 691 illa
127 649 306 691 haberet
336 648 658 691 similitudinem
688 655 732 690 et
754 648 1070 704 cognationem,
1102 652 1245 688 tamen
1275 661 1371 701 per-

24 712 190 748 vertere
229 705 422 761 adeoque
459 706 615 748 erroris
658 720 894 761 coarguere
926 704 1155 746 videretur.
1217 703 1372 757 Itaque

24 779 111 805 non
152 769 309 804 temere
340 763 571 818 suspiceris
602 761 797 804 ardorem
833 760 1111 816 disputandi,
1158 775 1243 814 quo
1274 760 1371 801 Me-

22 819 158 876 garici
186 820 228 860 in
260 819 379 861 ideas
398 819 594 862 Platonis
625 820 785 861 invecti
815 819 915 872 sint,
942 833 1115 860 causam
1136 817 1370 870 exstitisse,

22 892 98 918 eur
129 876 198 917 hic
229 891 316 917 non
347 876 454 919 adeo
500 876 573 918 diu
606 876 723 932 apud
755 892 829 918 eos
862 882 1149 917 commoratus
1181 874 1251 915 sit.
1312 873 1370 913 ll-

20 933 97 975 lud
128 939 292 974 certum
322 933 579 988 iudicamus,
612 949 833 975 sermones
862 932 984 985 illos‘,
1014 932 1088 986 qui
1119 930 1370 987 Sophistac,

22 990 196 1032 Politiei
235 997 277 1031 et
307 990 579 1032 Parmenidis
610 991 781 1032 nomine
811 990 1011 1046 inseripti
1042 994 1168 1040 sunt,
1215 1003 1239 1028 a
1270 987 1370 1027 Pla-

21 1053 121 1089 tone
152 1062 239 1088 non
269 1053 367 1088 ante
398 1047 479 1089 hoc
510 1056 680 1104 tempus
711 1063 804 1090 esse
837 1048 1121 1102 conscriptos,
1156 1060 1241 1099 quo
1273 1045 1370 1085 Me-

20 1104 264 1160 garicorum
296 1103 569 1161 disciplinam
609 1105 854 1147 accuratius
885 1102 1161 1159 cognovisset
1192 1108 1234 1143 et
1265 1101 1371 1156 quid

20 1161 81 1202 illi
121 1160 343 1203 doctrinae
384 1177 487 1203 suae
526 1168 816 1218 opponerent,
866 1161 959 1217 ipse
1012 1159 1252 1201 audivisset
1289 1158 1367 1213 >²¹ss).

22 1217 281 1272 Quanquam
323 1234 408 1260 non
449 1219 653 1275 exiguum
701 1234 911 1260 annorum
959 1217 1145 1273 spatium
1196 1214 1369 1257 videtur

21 1274 243 1316 effluxisse
282 1290 419 1329 usque
454 1275 509 1316 ad.
539 1275 645 1316 illud
674 1282 872 1330 tempus,
917 1290 1002 1329 quo
1043 1279 1275 1328 reponeret
1316 1272 1367 1314 iis

21 1347 130 1385 quae
162 1330 216 1372 ad
248 1330 557 1373 defendendam
588 1332 797 1373 rationem
835 1347 954 1373 suam
986 1330 1192 1373 valerent.
1252 1329 1368 1371 Nam

21 1395 64 1429 et
91 1388 239 1429 insunt
275 1388 319 1429 in
350 1388 433 1430 illis
473 1389 592 1431 libris
627 1405 737 1443 quae
771 1389 1078 1430 accuratiorem
1110 1387 1367 1442 pleniorem-

19 1460 103 1500 que
151 1444 470 1500 Pythagoricae
520 1446 760 1501 sapientiae
813 1445 1107 1501 cognitionem
1162 1442 1365 1499 prodant,

19 1517 147 1556 quam
179 1502 261 1543 sibi
290 1509 379 1542 tum
412 1517 660 1558 comparare
691 1503 883 1558 potuisse
903 1501 1116 1553 videatur,
1151 1507 1193 1541 et
1225 1516 1365 1554 omne,

19 1558 135 1614 quod
167 1558 359 1614 proxime
389 1561 674 1613 sequebatur,
707 1568 878 1614 tempus
910 1559 1135 1600 itineribus
1168 1573 1366 1600 consum-

19 1616 89 1671 sit,
123 1631 231 1670 quae
263 1615 467 1658 librorum
498 1616 764 1658 edendorum
797 1616 977 1658 consilia
1008 1614 1286 1657 retardarent.

130 1672 304 1714 Etenim
333 1673 584 1716 incredibile
616 1673 722 1715 illud
753 1674 991 1730 sapientiae
1023 1672 1236 1726 studium,
1278 1688 1364 1725 quo

17 1729 250 1786 flagrabat,
302 1729 465 1783 effecit,
523 1737 571 1772 ut
611 1731 654 1772 in
693 1731 885 1784 ltaliam,
929 1732 1205 1787 Aegyptum,
1257 1729 1363 1771 alias

16 1793 179 1840 terras,
208 1787 423 1843 proficisci
457 1788 738 1829 constitueret
767 1788 867 1842 *³¹¹*).
927 1787 1072 1840 Quum
1112 1787 1246 1843 igitur
1275 1801 1364 1827 ma-

70 1990 107 2032 ἦ)
133 1991 186 2021 Dc
219 1989 471 2029 Megaricorum
504 1989 674 2030 dogmatis
710 1996 742 2022 et
774 1991 961 2031 disciplina
992 2002 1104 2032 pauca
1129 1996 1208 2022 sunt
1233 1991 1277 2021 ad
1301 2001 1361 2031 po-

131 2037 295 2068 steritatis
320 2036 520 2067 memoriam
544 2038 691 2076 tradita,
718 2047 805 2078 quae
832 2037 1017 2078 diligenter
1042 2038 1184 2078 collegit
1218 2043 1250 2068 et
1283 2039 1361 2069 illn-

129 2083 254 2114 stravit
283 2082 405 2113 Ferd.
442 2081 608 2123 Deyks:
647 2083 699 2114 De
731 2083 988 2124 Megaricorum
1027 2085 1197 2116 doctrina.
1247 2086 1359 2118 Bonn.

130 2129 228 2163 1827.
261 2128 292 2163 8.
348 2127 441 2159 Usos
480 2129 559 2159 illos
598 2139 672 2161 esse
707 2129 925 2162 Parmenidis
973 2130 1119 2162 decretis
1159 2137 1250 2163 recte
1290 2134 1359 2165 iam

131 2175 376 2207 Bruckerus
411 2175 500 2205 vidit
525 2175 615 2208 Hist.
648 2176 721 2217 phil
761 2176 802 2207 T.
832 2176 859 2206 I.
886 2187 919 2217 p.
946 2176 1024 2210 612.
1053 2188 1083 2208 v.
1110 2178 1213 2209 etiam
1240 2180 1358 2220 Spal-

130 2222 244 2263 ding.
271 2221 408 2253 Vindie.
433 2221 723 2262 philosophorum
748 2222 1006 2263 Megaricorum
1030 2234 1061 2264 p.
1088 2223 1119 2256 3.

58 2267 111 2308 W)
136 2268 280 2308 Respici
304 2267 397 2298 enim
421 2267 456 2298 in
483 2266 651 2308 Sopliista
682 2273 716 2299 et
740 2268 946 2300 Parmenide
971 2270 1186 2309 potissimum
1213 2271 1257 2301 ad
1283 2271 1357 2303 Me-

130 2314 279 2354 garicos,
306 2314 343 2343 in
367 2313 625 2354 prolegomenis
651 2315 695 2345 ad
720 2324 779 2345 eos
803 2315 910 2346 libros
940 2315 1265 2348 demonstravimus.

40 2358 110 2402 *“*)
139 2358 217 2397 Quo
252 2359 372 2390 ordine
402 2359 527 2391 itinera
558 2360 716 2392 Platonis
752 2371 827 2392 sese
852 2362 1067 2403 exceperint,
1098 2363 1139 2394 de
1166 2373 1206 2393 eo
1231 2373 1359 2405 magna,

130 2410 183 2437 est
217 2409 368 2436 veterum
402 2405 609 2446 scriptorum
642 2407 824 2439 dissensio.
859 2418 890 2442 v.
926 2408 1080 2440 Astius
1116 2409 1143 2440 Ι.
1178 2419 1205 2440 e.
1239 2420 1271 2450 p.
1309 2411 1352 2444 2-2

131 2462 224 2493 sqq„
260 2453 317 2492 qui
355 2451 558 2484 Ciceronem
591 2453 633 2484 de
658 2453 736 2485 Fin.
766 2454 809 2484 V.
835 2454 889 2488 29.
917 2454 1056 2485 Tuscul.
1083 2456 1103 2486 Ι.
1129 2456 1182 2490 17.
1216 2455 1258 2486 de
1284 2455 1350 2488 Re-

127 2498 222 2539 publ.
245 2497 271 2528 Ι.
298 2496 351 2530 1Ο.
383 2501 520 2529 secutus
553 2503 670 2530 censet
701 2499 946 2541 philosophum
979 2501 1088 2541 primo
1120 2502 1156 2531 in
1191 2501 1353 2544 Africam,

133 2544 258 2575 deinde
282 2544 318 2575 in
342 2543 479 2574 ltaliam
504 2554 579 2575 esse
605 2546 810 2586 profectum.
844 2547 885 2578 cf.
920 2546 1097 2578 Corsini
1134 2548 1181 2578 de
1212 2551 1351 2581 natali

129 2590 199 2621 die
237 2589 461 2625 Platonis,
496 2591 590 2623 eius
631 2596 774 2623 aetate
807 2593 923 2624 etin
958 2594 1136 2625 Italiam
1176 2594 1349 2627 itineri·

129 2637 224 2675 bus,
250 2637 289 2667 in
317 2634 444 2667 Gorii
471 2635 692 2676 Symbolis
716 2638 923 2670 Litterar.
950 2639 1031 2670 Vol.
1062 2639 1118 2670 VI.
1144 2650 1178 2680 p.
1195 2639 1261 2673 100
1277 2652 1353 2683 sqq.

128 2682 301 2723 Equidem
333 2685 467 2713 secutus
499 2693 574 2713 sum
608 2685 833 2725 Apuleium
864 2690 1040 2717 auctorem
1071 2685 1111 2716 Τ.
1146 2685 1193 2717 11.
1222 2696 1255 2728 p.
1287 2688 1352 2724 186

129 2729 182 2760 cd.
209 2727 452 2769 Oudendorp„
480 2739 581 2769 quem
605 2735 696 2762 recte
719 2731 888 2763 iudicavit
911 2731 1143 2774 Mcnagius
1168 2732 1212 2764 ad
1235 2733 1352 2766 Laert.

128 2774 365 2816 discrepantes
396 2775 543 2806 aliorum
577 2778 795 2809 narrationes
824 2779 859 2809 in
893 2778 1050 2810 ordinem
1082 2779 1252 2819 redigere.
1299 2782 1353 2813 Ae
