1644 3039
171 173 226 212 40
552 168 1035 212 PROLEGOMENA
1066 169 1153 211 AD

172 281 391 326 suetudini
433 288 646 339 cognatus
687 288 731 324 et
768 282 909 324 affinis
951 282 1005 324 sit
1046 280 1232 336 ideoque
1273 280 1437 323 animos
1467 282 1528 323 ita

172 338 336 381 afficiat
354 345 486 393 atque
506 345 691 393 moveat,
706 350 755 381 ut
773 339 999 381 audientes
1020 339 1185 379 ratione
1209 337 1529 392 simplicissima

171 394 228 437 ad
257 397 580 452 persuasionem
609 396 700 437 veri
729 397 922 451 rectique
942 394 1249 450 perducantur.
1311 393 1527 436 Nimirum

171 452 278 494 haec
309 453 451 493 omnia
481 458 634 508 sponte
665 459 847 508 apparet
885 452 1080 496 Socratis
1111 452 1286 508 ingenio
1318 465 1368 492 ac
1398 451 1528 492 mori-

172 509 254 551 bus
301 508 410 550 adeo
452 524 546 550 esse
586 515 901 562 consentanea,
945 515 993 550 ut
1035 508 1118 550 hoc
1149 522 1322 562 quoque
1355 507 1526 549 nomine

172 565 314 622 imago
346 566 429 606 viri
458 566 585 622 plane
617 565 672 606 ad
701 566 846 607 vivum
878 580 1082 622 expressa
1113 580 1207 606 esse
1242 563 1423 605 iudicari
1455 563 1530 605 de-

172 622 286 663 beat.
349 621 482 675 Quod
515 622 551 663 si
582 623 642 663 ita
673 630 764 675 est,
808 622 932 663 Plato
965 622 1159 678 profecto
1191 620 1412 664 Socratem
1443 636 1530 662 una

173 694 304 734 opera
337 686 379 719 et
409 686 458 720 ut
489 678 793 735 philosophum
835 686 964 733 atque
996 679 1133 720 civem
1165 685 1206 718 et
1236 684 1284 719 ut
1315 684 1530 718 oratorem

177 735 231 776 ad
273 736 411 790 ipsam
450 736 646 778 veritatis
691 736 878 792 speciem
909 734 1225 792 elegantissime
1258 733 1526 775 deformavit.

172 792 297 833 Haec
335 799 477 833 autem
515 793 551 834 si
589 807 688 833 vere
731 809 756 833 a
793 792 918 834 nobis
960 800 1060 834 sunt
1102 791 1340 847 explicata,
1383 790 1530 832 claris-

175 850 281 890 sime
322 864 534 903 apparere
578 849 862 901 arbitramur,
909 849 1173 904 Apologiam
1205 847 1399 890 Socratis
1431 847 1530 888 Pla-

173 906 363 947 tonicam
403 921 489 946 non
530 921 623 947 esse
664 921 792 962 posse
834 906 895 947 illi
927 906 1091 962 Lysiae
1138 904 1324 946 orationi
1355 904 1532 958 opposi-

174 968 287 1015 tam,
333 978 460 1016 quam
505 962 808 1004 celeberrimus
853 969 997 1004 orator
1038 961 1196 1003 dicitur
1236 961 1407 1004 Socrati
1459 976 1533 1002 reo

175 1019 406 1072 obtulisse,
450 1026 499 1059 ut
539 1035 630 1060 eam
673 1019 887 1061 edisceret
929 1026 971 1061 et
1000 1019 1043 1059 in
1073 1017 1234 1059 iudicio
1275 1018 1341 1059 sui
1383 1016 1531 1058 defen-

175 1075 307 1116 dendi
339 1091 492 1117 caussa
521 1077 745 1129 recitaret,
796 1076 923 1117 sicuti
963 1082 1205 1117 statuerunt
1235 1076 1290 1116 A.
1321 1074 1532 1115 Boeck-

174 1132 299 1173 hius
342 1132 385 1172 in
424 1133 534 1173 Min.
578 1133 690 1173 Plat.
735 1148 776 1187 p.
814 1133 904 1174 182.
948 1139 991 1173 et
1033 1132 1222 1173 Franc.
1256 1130 1534 1174 Susemihl

175 1187 331 1230 Genet.
364 1188 534 1243 Explic.
568 1189 732 1230 Philos.
765 1189 935 1230 Platon.
967 1189 1067 1230 Vol.
1089 1189 1124 1230 I.
1154 1204 1196 1243 p.
1217 1190 1267 1229 87
1295 1203 1359 1242 sq.
1420 1187 1536 1229 Nam

175 1245 212 1286 si
250 1260 352 1286 vera
392 1252 491 1286 sunt
531 1260 642 1299 quae
685 1260 736 1286 ea
777 1245 831 1286 de
877 1260 922 1286 re
974 1245 1203 1286 memoriae
1250 1244 1537 1300 prodiderunt

175 1301 355 1343 Cicer.
387 1301 456 1343 De
488 1309 596 1345 orat.
629 1302 664 1344 I.
696 1304 762 1346 54.
794 1301 1035 1355 Quintil.
1066 1301 1217 1353 IL15,
1253 1302 1319 1343 30.
1353 1301 1534 1343 Valer.

174 1359 312 1400 EIax.
353 1358 434 1400 VI.
475 1361 513 1400 4.
553 1365 638 1400 ext.
673 1359 711 1400 2.
759 1358 1045 1400 Plutarch.
1086 1358 1196 1400 Vitt.
1227 1358 1287 1400 X.
1320 1357 1462 1401 Oratt.
1494 1374 1536 1413 p.

176 1417 272 1457 836.
305 1415 357 1457 B.
386 1415 623 1471 Diogen.
655 1416 841 1456 Laert.
878 1416 932 1457 11.
964 1417 1058 1468 40.‚
1101 1430 1155 1457 ex
1189 1415 1346 1469 quibus
1381 1414 1535 1456 Cicero

175 1478 323 1513 narrat
376 1471 601 1514 Socratem
642 1472 879 1528 Lysianam
929 1472 1167 1513 orationem
1217 1487 1304 1513 non
1353 1471 1537 1512 invitum

178 1528 335 1585 legisse
368 1535 412 1570 et
443 1528 666 1570 commode
698 1529 904 1584 scriptam
934 1543 1027 1569 esse
1058 1527 1297 1581 iudicasse,
1343 1527 1421 1570 sed
1452 1527 1537 1569 sibi

175 1585 274 1626 ideo
305 1584 466 1627 dixisse
488 1585 629 1626 minus
655 1600 749 1626 esse
779 1584 1064 1638 commodam,
1097 1585 1199 1639 quia
1229 1600 1381 1640 parum
1411 1584 1535 1626 fortis

177 1648 220 1684 et
249 1641 385 1683 virilis
413 1641 659 1692 videretur3
691 1651 808 1684 certe
829 1642 962 1682 multa
994 1648 1107 1693 sunt,
1142 1656 1252 1696 quae
1280 1640 1534 1696 impediant,

179 1699 408 1752 quominus
429 1698 608 1754 Lysiam
638 1699 848 1754 imprimis
880 1698 1070 1740 editione
1101 1698 1350 1754 Apologiae
1383 1713 1407 1738 a
1437 1698 1536 1739 Pla-

177 1762 281 1796 tone
321 1761 517 1797 notatum
562 1762 606 1797 et
643 1755 954 1811 reprehensum
997 1770 1092 1796 esse
1121 1754 1244 1796 nobis
1275 1753 1536 1809 persuadea-

177 1827 284 1854 mus.
356 1812 471 1853 Nam
511 1812 696 1868 primum
737 1811 911 1866 quidem
951 1811 1173 1868 Apologia
1211 1817 1303 1852 tota
1344 1810 1537 1854 Socratis

176 1869 312 1925 ipsius
353 1868 486 1909 refert
518 1869 706 1910 animum
744 1877 787 1910 et
832 1869 1078 1925 ingenium,
1119 1883 1200 1909 nec
1240 1883 1342 1909 vero
1392 1867 1538 1909 dedita

179 1940 312 1981 opera
341 1924 396 1966 ad
428 1925 693 1981 carpendum
723 1926 903 1982 Lysiam
935 1932 1183 1981 comparata
1214 1931 1305 1977 est,
1338 1924 1383 1965 in
1413 1925 1536 1966 cuius

179 1982 374 2024 oratione
415 1982 452 2022 si
496 1981 601 2037 quid
632 1981 922 2023 desideratum
954 1982 1059 2034 fuit,
1101 1987 1217 2023 certe
1256 1981 1364 2022 illud
1404 1996 1537 2022 unum

178 2038 313 2080 fuisse
353 2045 577 2091 narratur,
626 2037 743 2091 quod
787 2044 902 2080 esset
930 2038 1099 2079 mollior
1129 2046 1171 2079 et
1203 2036 1428 2078 delicatior
1457 2053 1537 2079 nec
1623 2044 1631 2089 j,

181 2095 288 2137 satis
320 2095 444 2137 fortis
475 2109 525 2136 ac
555 2094 705 2136 virilis.
765 2094 862 2136 Nec
900 2110 1002 2135 vero
1046 2094 1135 2135 ullo
1176 2093 1304 2134 modo
1335 2093 1428 2134 fieri
1458 2109 1537 2148 po-
1628 2094 1631 2109 ”

179 2152 287 2205 tuit,
328 2158 401 2204 ut,
455 2152 491 2193 si
531 2150 725 2194 Socratis
767 2151 933 2193 animus
974 2150 1162 2191 fideliter
1211 2150 1536 2205 exprimeretur,

180 2208 308 2250 unius
331 2207 493 2265 Lysiae
525 2223 680 2250 caussa
712 2207 878 2249 colores
906 2207 1106 2263 imaginis
1138 2206 1387 2262 propositae
1418 2222 1536 2249 mero

181 2265 360 2307 arbitrio
391 2265 670 2306 variarentur.
731 2264 886 2318 Itaque
918 2264 988 2305 vel
1018 2264 1130 2305 hanc
1160 2263 1214 2305 ob
1246 2278 1442 2305 caussam
1473 2264 1536 2305 sic

180 2322 326 2377 potius
360 2321 637 2363 statuendum
669 2327 748 2374 est,
781 2328 830 2362 ut
860 2322 1089 2362 Platonem
1120 2335 1370 2362 censeamus
1402 2320 1537 2376 signi·
1642 2342 1644 2364 a

181 2379 404 2431 ficavisse,
452 2378 644 2420 Socratis
685 2378 893 2419 rationem
934 2378 987 2419 ab
1019 2393 1166 2419 eorum
1197 2377 1386 2418 omnium
1417 2392 1535 2418 more
1626 2422 1629 2433 A

181 2436 318 2477 fuisse
358 2435 597 2489 diversam,
638 2435 711 2489 qui
749 2435 794 2475 in
832 2435 1097 2476 orationibus
1140 2433 1416 2475 iudicialibus
1455 2449 1535 2475 nec

185 2492 405 2533 veritatem
444 2507 587 2533 rerum
628 2498 832 2533 curarent
868 2498 912 2533 et
956 2491 1099 2533 omnia
1140 2489 1399 2531 artificiosae
1444 2490 1532 2531 elo·

183 2549 384 2602 quentiae
413 2549 674 2599 tribuerent3
713 2547 831 2603 quod
869 2555 982 2590 certe
1023 2563 1111 2589 non
1151 2546 1205 2587 ad
1237 2546 1416 2601 Lysiam
1455 2545 1532 2588 sed
1642 2572 1644 2588 ι

182 2603 239 2645 ad
276 2604 504 2647 iudiciales
546 2612 739 2647 oratores
771 2620 917 2646 omnes
962 2604 1181 2660 pertinuit.
1242 2602 1414 2644 Deinde
1454 2618 1534 2644 nec

183 2660 271 2703 ullo
324 2668 452 2717 pacto
501 2661 709 2704 credibile
747 2667 840 2714 est,
896 2662 1148 2713 Platonem,
1206 2675 1291 2714 quo
1339 2666 1532 2714 tempore

185 2717 448 2774 Apologiam
479 2718 522 2761 in
554 2718 693 2761 lucem
724 2717 941 2773 publicam
973 2717 1128 2770 emisit,
1162 2717 1301 2758 animo
1333 2715 1440 2757 adeo
1471 2716 1535 2758 in·
1640 2736 1644 2779 4

1638 2884 1644 3039 Ι
