1644 3039
202 204 278 243 192
658 199 1084 241 PRAEFATIO

202 319 335 374 ipsius
369 316 604 372 discipulos
623 347 633 367 ,
667 314 739 368 qui
770 320 949 368 propter
978 311 1297 367 integerrimum
1330 326 1431 367 erga
1462 327 1548 354 ma—

202 377 383 429 gistrum
416 388 600 415 amorem
633 371 723 412 cius
755 372 900 426 fugam
929 374 1156 424 parassent
1173 368 1299 421 eique
1320 368 1548 410 vehemen-

201 433 366 474 tissime
397 431 524 472 morti
558 434 751 484 ereptum
791 433 1022 482 cuperent,
1067 432 1208 466 tamen
1240 423 1426 478 denique
1457 427 1549 468 eius

202 489 361 531 iudicia
391 488 452 529 ita
482 486 665 542 probare
704 484 897 537 iusserit,
945 490 992 524 ut
1029 483 1109 523 viri
1155 481 1363 523 voluntati
1396 497 1549 524 conce-

203 546 390 588 dendum
422 543 682 600 putaverint.

318 623 407 668 Sed
438 623 546 664 haec
579 621 752 677 quidem
784 621 888 663 satis
907 626 1033 662 erunt
1064 618 1117 660 de
1144 617 1324 661 consilio
1355 617 1553 673 scriptio-

204 685 272 725 nis
313 681 455 736 deque
495 680 564 720 via
605 686 647 721 et
691 677 881 731 ratione,
923 693 1008 732 qua
1036 674 1325 733 philosophus
1355 674 1463 716 illud
1491 675 1552 716 ef-

202 742 364 782 fectum
395 737 527 779 dedit.
576 737 689 778 Nam
712 736 763 777 de
783 735 955 777 scenico
977 734 1138 790 dialogi
1166 737 1393 788 apparatu,
1426 747 1556 787 quem

206 797 331 839 facile
371 800 550 851 apparet
589 798 841 850 argumento
882 797 925 832 et
963 792 1144 834 consilio
1183 789 1373 831 universi
1412 789 1554 845 operis

207 852 526 910 elegantissime
556 866 651 893 esse
682 855 1037 905 attemperatum,
1084 855 1200 891 certe
1231 862 1318 888 non
1350 861 1444 887 esse
1474 861 1554 900 pu-

208 919 347 953 tamus
379 908 495 964 quod
526 907 733 964 peculiari
764 921 896 962 opera
924 905 1185 961 disputetur.

321 999 435 1043 Sunt
465 1009 606 1040 autem
639 998 780 1039 omnia
810 997 854 1038 in
885 997 966 1039 hoc
998 996 1108 1039 libro
1134 1013 1342 1053 perquam
1373 997 1556 1053 popula-

208 1060 312 1101 riter
344 1072 393 1098 ac
424 1056 592 1112 vulgari
623 1054 845 1096 hominum
886 1055 1030 1110 captui
1071 1054 1394 1096 accommodate
1425 1070 1557 1111 expo-

209 1117 315 1168 sita,
349 1120 397 1155 ut
429 1114 567 1169 primo
599 1112 750 1154 saltem
782 1110 994 1165 adspectu
1026 1112 1069 1152 in
1100 1126 1150 1152 eo
1182 1112 1308 1166 plane
1340 1110 1559 1154 desidere-

208 1181 281 1215 tur
311 1171 466 1213 celsior
495 1169 570 1210 illa
598 1183 648 1209 ac
680 1167 879 1209 subtilior
908 1167 1245 1222 philosophandi
1274 1168 1400 1222 ratio,
1433 1182 1560 1222 quam

210 1232 253 1271 in
302 1227 522 1285 plerisque
570 1226 665 1267 aliis
705 1224 903 1266 Platonis
943 1224 1128 1281 dialogis
1167 1224 1314 1281 vigere
1346 1225 1559 1267 novimus.

211 1287 336 1340 Quae
364 1299 433 1327 res
464 1283 573 1325 adeo
605 1281 833 1324 offensioni
861 1281 942 1323 fuit
971 1282 1052 1323 Fr.
1082 1282 1251 1323 Astio
1283 1282 1351 1323 De
1383 1282 1488 1323 Vita
1520 1289 1562 1324 et

212 1342 396 1399 Scriptis
438 1341 552 1383 Plat.
592 1356 636 1395 p.
678 1341 761 1383 292
805 1353 900 1393 sqq.
941 1345 989 1380 ut
1027 1337 1250 1380 Critonem
1291 1338 1563 1381 contenderit

211 1417 291 1457 pro
332 1400 442 1440 libro
487 1397 721 1440 subditicio
750 1394 997 1437 habendum
1027 1411 1121 1438 esse
1152 1401 1195 1437 et
1225 1396 1408 1437 Platone
1438 1411 1563 1452 pror-

213 1474 285 1501 sus
311 1456 514 1513 indigno,
557 1454 716 1511 quippe
766 1452 839 1508 qui
878 1468 1019 1508 neque
1061 1452 1116 1494 ad
1153 1453 1257 1494 artis
1288 1452 1459 1494 laudem
1487 1468 1563 1494 ne-

214 1530 297 1570 que
328 1513 384 1555 ad
413 1528 553 1553 rerum
585 1512 840 1567 gravitatem
875 1525 972 1551 cum
1002 1509 1096 1551 aliis
1117 1510 1365 1566 philosophi
1387 1509 1562 1564 scriptis

214 1569 454 1627 comparari
484 1569 636 1625 possit.
698 1569 766 1609 De
798 1582 883 1622 quo
919 1566 1042 1608 nobis
1076 1565 1248 1621 quidem
1278 1566 1412 1608 multo
1443 1565 1565 1608 vide-

214 1636 284 1671 tur
315 1628 448 1669 aliter.
509 1625 623 1667 Nam
653 1625 837 1681 primum
883 1623 1056 1678 quidem
1087 1623 1424 1678 haudquaquam
1451 1623 1566 1665 levia

217 1691 342 1738 sunt,
390 1698 499 1738 quae
540 1697 593 1723 ex
632 1681 874 1738 purissimis
916 1679 1139 1721 doctrinae
1189 1681 1363 1722 moralis
1411 1680 1567 1722 hausta

216 1741 440 1798 principiis
474 1739 525 1781 de
558 1739 652 1781 iure
683 1738 799 1781 civili
832 1737 971 1792 deque
1004 1737 1159 1779 officiis
1184 1737 1360 1792 pietatis
1391 1744 1434 1778 et
1463 1737 1567 1779 obe-

218 1799 406 1841 dientiae
436 1796 699 1852 reipublicae
732 1793 1004 1851 praestandis
1037 1794 1336 1850 disputantur,
1383 1809 1567 1849 quorum

217 1857 304 1898 vim
335 1862 379 1896 et
407 1853 679 1911 gravitatem,
710 1867 820 1907 quae
853 1857 967 1893 certe
1000 1852 1128 1893 etiam
1162 1850 1217 1892 ad
1246 1851 1442 1893 Platonis
1471 1851 1568 1907 phi-

218 1912 466 1968 losophiam
512 1910 593 1951 fuit
632 1911 840 1963 maxima,
893 1908 1073 1950 multum
1113 1923 1311 1950 veremur
1355 1923 1408 1949 ne
1450 1908 1568 1950 criti-

219 1985 296 2012 cus
336 1967 633 2010 severissimus
664 1983 750 2008 non
792 1965 896 2008 satis
935 1965 1165 2022 diligenter
1208 1965 1437 2007 momentis
1479 1965 1569 2008 suis

218 2024 536 2084 ponderaverit.
596 2023 771 2064 Deinde
800 2023 1070 2077 popularitas
1113 2022 1220 2075 ista,
1261 2037 1369 2076 quae
1399 2037 1477 2078 per
1503 2027 1570 2063 to-

219 2092 311 2125 tum
340 2081 530 2123 libellum
569 2088 744 2136 regnat,
792 2080 1041 2134 neutiquam
1090 2085 1156 2120 est
1194 2079 1363 2120 abiecta
1406 2084 1449 2119 et
1490 2078 1570 2119 hu-

221 2140 349 2193 milis,
382 2153 491 2193 quae
521 2137 626 2178 artis
660 2135 787 2177 laude
818 2141 964 2177 careat
993 2142 1068 2176 aut
1093 2150 1235 2176 rerum
1253 2135 1339 2176 vim
1370 2140 1413 2176 et
1442 2135 1570 2176 uber-

222 2204 353 2239 tatem
383 2195 511 2252 plane
543 2193 702 2235 nullam
731 2192 902 2234 habeat.
962 2192 1056 2234 Imo
1094 2192 1138 2233 in
1170 2207 1335 2234 summa
1367 2191 1572 2247 simplici-

222 2260 312 2296 tate
350 2260 496 2294 tamen
537 2258 578 2292 et
618 2250 842 2292 veritatem
884 2255 1013 2304 atque
1045 2249 1301 2306 gravitatem
1332 2249 1572 2290 sententia-

223 2327 318 2353 rum
348 2314 540 2352 sectatur
581 2314 624 2349 et
653 2306 843 2349 universi
873 2306 973 2348 libri
1003 2306 1244 2348 rationibus
1276 2304 1572 2347 sollertissime

224 2375 292 2410 est
332 2371 639 2420 attemperata,
682 2362 895 2419 siquidem
934 2378 1011 2419 per
1050 2362 1300 2418 scriptionis
1346 2362 1573 2404 consilium

222 2425 343 2467 nullo
374 2422 502 2466 modo
533 2422 628 2464 fieri
651 2420 810 2478 potuit,
840 2426 890 2461 ut
921 2426 997 2461 aut
1027 2420 1228 2462 subtilius
1261 2425 1336 2460 aut
1365 2418 1573 2473 grandius

225 2498 274 2524 ac
302 2479 529 2523 sublimius
570 2476 821 2534 disputandi
855 2492 993 2533 genus
1032 2476 1308 2533 deligeretur.
1368 2475 1457 2520 Sed
1495 2491 1574 2517 no-

225 2539 366 2580 lumus
396 2537 504 2579 haec
533 2551 649 2577 nunc
679 2535 884 2592 persequi
905 2534 1140 2590 copiosius,
1172 2533 1422 2589 praesertim
1442 2548 1574 2587 quum

226 2595 325 2638 libri
354 2599 607 2651 argumento
637 2592 880 2634 accuratius
908 2591 1170 2647 perlustrato
1211 2595 1367 2645 sponte
1406 2589 1574 2630 intelle-

228 2659 346 2695 ctum
387 2651 440 2693 iri
478 2649 792 2703 existimemus,
837 2648 942 2703 quid
979 2647 1032 2690 de
1070 2653 1167 2690 tota
1210 2661 1364 2688 caussa
1392 2645 1575 2688 iudicari

230 2714 444 2766 oporteat.
504 2706 601 2749 Nec
630 2712 771 2748 tamen
801 2705 1011 2747 inutiliter
1034 2703 1310 2747 consulentur
1331 2718 1441 2758 quae
1471 2718 1575 2745 con-

230 2772 297 2807 tra
327 2765 543 2808 Astium
576 2762 854 2818 disputarunt
892 2763 998 2804 Ios.
1030 2761 1098 2804 So
1114 2760 1254 2804 cher.
1287 2759 1356 2802 De
1388 2759 1574 2815 Scriptis
