1644 3039
1310 218 1420 260 LIII

63 331 276 387 explicare
316 338 359 373 et
394 330 687 387 interpretari,
730 343 826 371 sese
874 328 980 372 dare
1024 337 1222 387 oportere
1254 330 1308 371 ad
1340 330 1419 373 hos

65 388 334 442 potissimum
365 387 639 430 lectitandos.
701 385 789 439 Qui
818 401 1070 442 quanquam
1106 388 1190 444 ipsi
1233 403 1318 428 non
1360 388 1420 428 ita

64 446 176 486 inter
207 460 252 487 se
284 446 531 499 cohaerent,
564 451 612 485 ut
640 450 848 498 perpetua
878 445 990 486 serie
1025 444 1251 487 doctrinae
1283 459 1419 498 quen-

64 501 164 543 dam
204 503 327 556 quasi
367 502 514 544 orbem
564 500 820 553 conficiant,
864 507 1011 542 tamen
1052 501 1158 556 quid
1198 501 1323 543 Plato
1365 500 1419 543 de

64 558 193 601 rebus
235 558 433 601 humanis
475 575 524 600 ac
555 557 713 599 divinis
743 558 953 608 senserit,
988 560 1149 615 optime
1182 558 1416 603 declarant,

64 621 113 656 ut
143 621 311 658 tantum
341 632 428 658 non
457 631 535 673 pro
565 614 667 657 sede
700 628 749 655 ac
781 614 998 657 domicilio
1021 615 1293 657 decretorum
1322 615 1418 656 Pla-

64 673 307 715 tonicorum
337 672 524 715 habendi
554 670 795 714 videantur.

174 728 262 773 Sed
293 730 336 772 in
367 746 459 771 eam
487 729 821 785 disputationem
848 743 933 783 quo
960 729 1099 770 minus
1131 745 1245 771 nunc
1278 729 1420 785 digre-

63 786 256 839 diamur,
302 786 489 829 instituti
530 785 669 827 nostri
708 784 867 827 finibus
906 785 1198 841 prohibemur.
1261 786 1418 839 Itaque

61 849 208 896 restat,
239 849 288 885 ut
318 843 497 886 libros
538 842 598 884 de
630 842 883 898 Legibus
914 843 1144 884 tertiam
1176 844 1420 898 scripto-

63 915 174 941 rum
214 900 641 942 Platonicorum
689 900 935 940 classem
982 900 1223 953 conficere,
1277 906 1415 941 cetera

65 963 206 998 autem
239 958 397 1011 omnia,
431 973 541 1012 quae
568 956 700 1012 vulgo
729 955 902 997 Platoni
933 956 1197 1008 tribuuntur,
1232 957 1324 998 eius
1354 957 1419 998 in-

64 1014 192 1070 genio
238 1013 419 1071 indigna
459 1013 596 1055 videri
627 1013 759 1054 verbo
791 1028 1053 1054 moneamus.
1118 1014 1272 1068 Neque
1304 1014 1417 1055 enim

62 1070 306 1125 copiosiore
348 1086 457 1127 opus
504 1077 570 1112 est
608 1069 917 1125 disputatione.
981 1070 1094 1112 Nam
1135 1070 1188 1112 de
1222 1070 1417 1127 Legibus

63 1141 194 1182 supra
222 1128 324 1170 satis
355 1128 541 1177 dictum3
575 1127 627 1168 de
656 1126 987 1183 Epinomide
1021 1134 1178 1181 autem,
1206 1127 1417 1169 Alcibi-

63 1183 163 1225 ade
194 1184 280 1239 IL,
329 1185 576 1241 Theage,
618 1184 1007 1238 Amatoribus,
1058 1184 1414 1241 Hipparche.

64 1241 278 1295 Minoe,
304 1240 697 1297 Clitophonte,
720 1240 956 1296 Eryxia,
988 1241 1099 1295 aliis,
1123 1241 1208 1283 iam
1239 1257 1263 1282 a
1283 1241 1416 1284 Mei-

63 1298 281 1351 nersio,
323 1299 733 1350 Tennemanno,
775 1296 1100 1351 Boeokhio,
1134 1297 1416 1340 Schleier-

63 1354 352 1408 machero,
398 1355 590 1406 Astio,
634 1355 694 1395 ita
733 1352 1000 1409 disputatum
1041 1362 1131 1408 est,
1180 1362 1229 1396 ut
1276 1371 1350 1397 eos
1393 1372 1416 1396 a

63 1410 246 1453 Platone
277 1411 590 1453 abiudicandos
621 1426 716 1452 esse
748 1426 834 1452 non
861 1412 1001 1467 possit
1023 1411 1224 1465 dubitari,
1249 1412 1328 1453 uisi
1363 1413 1414 1453 ab

62 1467 273 1523 imperitis
304 1467 678 1510 homuncionibus.

176 1524 235 1565 Et
264 1525 371 1566 haec
401 1524 575 1579 quidem
607 1523 659 1565 de
691 1524 888 1566 Platonis
923 1525 1024 1578 vita,
1048 1524 1262 1575 doctrina,
1295 1526 1415 1583 inge-

61 1582 134 1623 nio
183 1588 227 1623 et
275 1581 464 1636 scriptis.
541 1580 666 1634 Quae
719 1580 894 1635 quidem
943 1581 1116 1624 abunde
1166 1583 1416 1625 sufficerent

62 1638 188 1680 huius
219 1639 466 1695 scriptionis
506 1638 711 1690 consilio,
746 1638 829 1680 nisi
871 1638 1034 1693 aliquid
1073 1638 1319 1682 addendum
1350 1641 1413 1682 vi—

64 1695 239 1737 deretur
274 1695 326 1737 de
373 1696 630 1751 scriptorum
683 1695 1010 1738 Platonicorum
1049 1697 1187 1738 forma
1236 1713 1285 1739 ac
1327 1697 1414 1740 dis·

65 1751 233 1795 serendi
263 1752 431 1794 ratione
450 1753 506 1807 *).
566 1753 651 1794 Est
670 1753 785 1793 enim
802 1752 910 1794 haec
941 1769 1038 1794 cum
1069 1753 1176 1808 ipsis
1207 1754 1414 1797 librorum

64 1809 331 1865 argumentis
381 1809 490 1851 adeo
540 1809 797 1861 coniuncta,
839 1815 888 1850 ut
927 1810 1001 1863 qui
1041 1825 1135 1851 eam
1173 1811 1414 1867 negligant.

63 1865 181 1907 nullo
212 1865 343 1907 modo
374 1866 597 1921 pervenire
629 1865 799 1921 possint
825 1865 879 1906 ad
901 1866 1072 1922 plenam
1091 1868 1416 1922 perfectamque

68 1922 377 1963 sententiarum
409 1922 732 1964 Platonicarum
761 1922 1105 1979 intelligentiam.

179 1977 326 2031 Quum
356 1979 491 2036 igitur
520 1985 675 2020 natura
705 1979 748 2020 in
769 1979 967 2021 Platonis
997 1980 1171 2036 ingenio
1204 1996 1415 2023 summum

67 2036 157 2077 veri
193 2035 385 2078 studium
425 2051 523 2077 cum
562 2036 769 2078 acerrimo
813 2037 952 2092 pulcri
990 2037 1247 2092 venustique
1287 2054 1413 2081 sensu

66 2091 381 2147 copulavisset,
412 2093 475 2134 ita
513 2099 563 2134 ut
598 2099 763 2135 mature
803 2093 858 2134 ad
895 2094 1049 2149 poesin
1087 2094 1276 2136 animum
1308 2095 1416 2137 adii-

68 2155 200 2203 ceret,
231 2149 394 2191 factum
423 2155 502 2203 est,
529 2156 579 2192 ut
608 2165 688 2191 nec
721 2156 889 2206 postea,
913 2166 1044 2206 quum
1073 2166 1119 2193 se
1149 2158 1289 2193 totum
1319 2153 1416 2209 phi-

67 2205 288 2262 losophiae
311 2206 517 2262 dedisset,
540 2207 770 2264 pristinum
787 2207 933 2262 poesis
954 2222 1143 2250 amorem
1163 2207 1415 2265 deponeret,

69 2262 146 2305 sed
176 2277 272 2304 eum
302 2262 358 2305 ad
386 2264 686 2320 philosophiae
719 2264 866 2307 studia
887 2264 1139 2306 transferret
1160 2267 1413 2320 oumiisq1w

70 2319 362 2376 coniungeret.
421 2320 547 2362 Vidit
580 2328 723 2363 autem
762 2321 1064 2378 philosophiae
1096 2322 1414 2365 institutionem

68 2375 299 2441 plurimum
336 2377 445 2419 lucri
488 2384 710 2432 capturam
750 2394 845 2421 esse
875 2386 967 2420 tum
998 2378 1054 2419 ad
1084 2379 1342 2421 suavitatem
1374 2387 1415 2421 et

70 2431 393 2488 iucunditatem,
420 2440 508 2476 tum
538 2434 593 2475 ad
623 2434 865 2478 disserendi
893 2435 978 2476 vim
1012 2441 1053 2476 et
1083 2437 1355 2492 gravitatem,
1378 2437 1411 2478 si

70 2490 109 2532 ei
140 2490 264 2546 quasi
292 2490 424 2532 vitam
455 2498 702 2546 motumque
734 2492 988 2549 adiungeret
1011 2498 1232 2548 totamque
1251 2492 1305 2534 ad
1337 2493 1415 2535 hu-

70 2562 219 2589 manae
248 2553 426 2590 naturae
459 2554 630 2604 captum
661 2547 1018 2593 accommodaret.
1077 2547 1209 2602 Quod
1240 2549 1413 2603 quidem

114 2739 148 2781 ²⁸)
172 2740 227 2773 De
251 2740 426 2773 Platonici
458 2741 589 2782 dialogi
621 2745 745 2774 natura
778 2752 888 2784 nuper
914 2742 1106 2783 disputavit
1130 2742 1255 2774 eximie
1281 2741 1412 2774 Heus-

163 2787 263 2818 dins
287 2787 368 2819 Init.
395 2786 487 2819 Phil.
511 2788 592 2819 Vol.
622 2788 666 2819 11.
694 2788 732 2819 Ρ.
758 2788 787 2821 1.
811 2800 845 2830 p.
871 2787 947 2824 151.
974 2799 1050 2830 sqq.
