1644 3039
1256 177 1387 217 XLV

46 288 101 330 ad
141 289 233 346 eius
275 288 579 330 defensionem.
645 287 839 328 nocetur
883 289 993 328 enim
1040 289 1081 328 in
1114 304 1164 329 eo
1198 290 1390 330 oratione

0 376 3 398 7
45 344 342 398 disertissima,
376 351 511 386 artem
539 343 709 385 civilem
742 350 872 397 atquc
904 345 1184 398 rhetoricam,
1219 345 1391 400 qualem

45 401 254 457 imprimis
285 400 477 458 Gorgiae
515 400 745 456 disciplina
773 400 1177 453 commendavisset,
1210 417 1390 458 prorsus

45 459 230 500 alienam
268 473 363 500 esse
404 474 430 499 a
465 457 645 499 veritate
689 464 819 511 atque
862 457 1090 500 honestate
1132 460 1390 514 omninoque

44 521 212 572 turpem
252 531 302 557 ac
332 515 642 571 perniciosam,
675 529 725 555 ac
754 521 984 570 propterea
1015 532 1037 556 a
1070 516 1160 558 viro
1193 517 1391 571 sapiente

46 572 330 627 spernendam
370 572 512 626 potius
555 586 683 625 quam
723 570 970 612 sectandam
1016 581 1057 613 et
1087 572 1390 623 exercendam3

47 644 134 684 qua
162 630 329 670 ratione
361 629 489 670 Plato
521 627 656 669 videri
693 627 823 670 debet
852 630 980 669 etiam
1011 643 1089 671 sua
1120 630 1255 685 ipsius
1287 645 1390 671 con-

53 686 148 728 silia
180 685 449 739 defendisse,
482 685 554 739 qui
585 684 767 727 Socrate
797 685 1025 727 interemto
1059 687 1173 741 apud
1203 687 1393 728 animum

45 743 330 786 constituerat
359 757 384 783 a
412 742 637 797 republica
675 742 890 784 abstinere
922 749 1051 796 atque
1082 744 1284 798 privatim
1319 742 1392 785 de-

43 814 146 855 gere
175 800 333 852 vitam,
366 814 451 854 quo
481 799 657 841 liberius
702 798 857 841 studiis
886 799 1185 856 philosophiae
1219 816 1392 856 operam

41 855 288 912 impendere
309 856 471 898 liceret.
504 854 796 908 Quamobrem
820 864 974 911 sponte
995 858 1251 913 intelligitur
1274 857 1391 898 hunc

43 912 197 955 librum
237 920 323 954 tam
363 927 460 955 cum
498 914 714 966 Menone,
758 928 841 954 non
885 913 1019 955 multo
1061 921 1158 954 ante
1199 914 1390 956 Socratis

42 969 444 1012 condemnationem
474 970 652 1025 scripto,
686 985 814 1024 quam
835 985 932 1012 cum
952 971 1176 1027 Apologia
1197 970 1391 1013 Socratis

41 1033 85 1068 et
124 1025 303 1069 Critone
346 1027 590 1069 arctissima
629 1027 841 1069 contineri
882 1028 1187 1069 coniunctione
1228 1043 1277 1069 ac
1318 1042 1392 1069 ne-

39 1083 314 1126 cessitudine.

153 1141 299 1195 Atque
338 1141 446 1183 haec
485 1140 660 1195 quidem
703 1140 757 1182 de
798 1141 935 1197 primo
975 1156 1131 1197 genere
1182 1141 1390 1182 librorum

39 1197 386 1251 Platonicorum,
427 1212 537 1252 quos
577 1198 781 1252 quoniam
820 1198 947 1240 Plato
987 1198 1142 1239 litteris
1183 1198 1390 1251 exaravit,

42 1269 128 1308 quo
158 1260 350 1310 tempore
381 1255 456 1296 uni
485 1255 667 1296 maxime
698 1254 953 1310 disciplinae
985 1253 1236 1297 Socraticae
1269 1254 1391 1296 dedi—

41 1318 111 1352 tus
151 1317 270 1364 erat,
312 1311 466 1353 merito
506 1311 648 1352 dicere
692 1311 840 1353 licebit
880 1312 1143 1354 Socraticos.
1213 1312 1393 1354 Habent

42 1374 186 1408 autem
215 1367 276 1408 illi
308 1368 391 1409 sibi
423 1383 508 1409 non
541 1383 680 1423 pauca
709 1375 912 1423 tanquam
953 1369 1074 1423 priva
1116 1376 1246 1423 atque
1291 1385 1391 1425 pro-

37 1424 148 1479 pria,
160 1424 317 1478 quibus
338 1424 473 1465 veluti
497 1424 634 1480 signis
657 1425 914 1478 quibusdam
936 1426 1024 1467 suis
1041 1441 1065 1466 a
1083 1425 1235 1467 ceteris
1255 1426 1390 1481 scrip-

35 1480 92 1522 tis
125 1481 363 1523 Platonicis
394 1480 719 1538 dignoscantur.
779 1482 893 1523 Nam
923 1482 1104 1523 formam
1136 1498 1284 1524 eorum
1314 1482 1389 1524 ubi

35 1537 219 1593 primum
249 1544 512 1594 spectamus,
536 1554 670 1594 prope
693 1553 842 1580 omnes
866 1554 968 1594 prae
991 1554 1035 1580 se
1066 1539 1212 1580 ferunt
1241 1539 1391 1580 miram

40 1594 256 1649 quandam
287 1610 419 1650 quum
449 1596 777 1650 compositionis
804 1603 895 1637 tum
928 1595 1152 1638 doctrinae
1184 1596 1390 1652 simplici-

38 1658 172 1693 tatem
203 1658 332 1707 atque
363 1652 716 1708 perspicuitatem
747 1652 1095 1708 Xenophonteae
1131 1653 1245 1694 haud
1276 1653 1390 1696 absi—

37 1708 206 1762 milem,
248 1723 495 1763 quanquam
532 1716 582 1750 ut
620 1709 782 1764 quique
822 1717 922 1751 sunt
962 1710 1206 1764 posteriore
1248 1717 1390 1752 aetate

38 1765 206 1821 scripti,
240 1765 301 1807 ita
331 1766 461 1807 etiam
493 1765 548 1807 ad
578 1767 781 1807 maiorem
814 1767 918 1808 artis
949 1767 1257 1822 perfectionem
1289 1783 1390 1822 pro-

39 1823 138 1877 pius
191 1822 426 1874 accedunt,
470 1837 580 1877 quae
610 1823 704 1863 laus
734 1823 1015 1878 perfectionis
1062 1824 1245 1865 maxime
1277 1824 1388 1865 Pro-

36 1887 216 1935 tagorae
253 1886 383 1933 atque
416 1876 607 1934 Gorgiae
638 1879 867 1921 tribuenda
898 1886 979 1921 est.
1040 1880 1273 1921 Praeterea
1302 1880 1391 1922 for-

37 1949 130 1977 mae
162 1934 310 1977 habita
338 1935 504 1977 ratione
527 1936 653 1977 etiam
675 1951 726 1977 eo
752 1943 853 1978 sunt
875 1937 1116 1993 conspicui,
1140 1937 1257 1992 quod
1289 1945 1392 1979 sunt

36 1991 126 2033 fere
157 2001 428 2045 πειραστικωῐ
460 1999 504 2034 et
533 1998 805 2034 παιὸέυτικυὶ
860 1993 1040 2050 (Diog.
1086 1992 1136 2035 C.
1167 1994 1250 2035 III.
1284 1995 1388 2049 49.).

37 2048 152 2091 Nam
183 2064 316 2103 quum
355 2049 400 2091 in
429 2050 482 2092 iis
513 2050 632 2092 varia
659 2056 902 2092 tractentur
931 2058 1212 2107 argumenta,
1243 2058 1389 2093 tamen

34 2105 142 2148 nihil
171 2105 346 2148 videtur
376 2106 537 2149 certius
567 2107 735 2162 exquiri
766 2114 810 2149 et
840 2106 892 2149 ad
930 2108 1285 2164 perspicuitatem
1316 2123 1389 2150 us-

37 2178 120 2218 que
161 2163 380 2219 explicari.
449 2164 691 2207 Versantur
733 2165 845 2206 enim
891 2165 1035 2206 omnia
1073 2166 1117 2207 in
1160 2172 1388 2220 utramque

35 2226 224 2275 partem:
285 2235 383 2263 nam
423 2227 575 2277 argute
610 2229 824 2263 vexantur
863 2221 1202 2276 colloquentium
1247 2222 1388 2278 opini-

38 2290 146 2318 ones
176 2282 219 2318 et
246 2282 451 2332 tanquam
483 2293 619 2320 vanae
651 2284 696 2320 et
725 2279 875 2321 inanes
909 2279 1207 2334 exagitantur;
1239 2279 1387 2335 explo-

38 2330 200 2375 duntur
227 2333 426 2377 notiones
455 2349 599 2376 rerum
629 2335 683 2376 ab
702 2335 754 2378 iis
782 2342 1041 2391 conceptae3
1069 2335 1388 2378 labefactantur

36 2383 81 2431 et
126 2388 390 2432 revelluntur
438 2390 735 2446 definitiones,
787 2407 895 2447 quas
937 2398 1210 2448 proponunt,
1257 2399 1387 2447 atque

35 2460 163 2502 saepe
200 2446 356 2488 iterum
396 2446 637 2504 iterumque
675 2449 720 2490 in
760 2449 1121 2505 disceptationem
1151 2455 1385 2501 vocantur3

35 2503 139 2558 quin
169 2503 297 2545 etiam
329 2503 416 2559 ipsi
447 2504 765 2560 colloquentes,
799 2506 1008 2561 imprimis
1040 2505 1235 2549 homines
1274 2521 1387 2548 vana

35 2559 273 2616 sapientiae
317 2560 519 2617 opinione
560 2562 699 2604 inflati
746 2570 877 2617 atque
918 2563 1083 2605 acutuli
1124 2569 1167 2604 et
1208 2562 1386 2619 gloriosi

35 2616 272 2672 sophistae,
303 2624 354 2660 ut
382 2619 597 2660 temerarii
628 2620 867 2676 sapientiae
899 2634 949 2661 ac
980 2620 1187 2662 virtutum
1219 2620 1385 2676 profes·

33 2687 178 2728 sores,
210 2674 486 2717 acerbissime
527 2690 654 2732 saepe
695 2676 982 2719 traducuntur
1022 2682 1066 2718 et
1095 2677 1251 2719 erroris
1281 2692 1384 2720 con—

31 2729 135 2772 victi
181 2729 236 2772 ad
273 2731 412 2787 turpis
453 2732 727 2787 ignorantiae
772 2733 1087 2776 confessionem
1136 2732 1382 2790 adiguntur,
