1644 3039
190 158 523 201 APOLOGIA
553 156 870 201 SOCRATIS.
907 158 954 199 P.
988 159 1054 202 33.
1086 158 1151 200 34.
1181 156 1244 199 St.
1327 158 1404 199 135

64 276 281 332 Πάραλος
315 274 400 326 ὅδε,
436 274 458 319 ὁ
494 273 767 330 Δημοδόκου,
805 269 857 318 οἶ)
893 269 946 329 ἦν
984 273 1152 329 Θεάγης
1187 274 1401 334 ἀδελφός·

63 341 135 385 ὅδε
170 360 212 385 τε
244 342 536 398 Ἀδείμαντος,
570 341 592 386 ὁ
627 341 898 396 Ἀρίστωνος,
936 338 987 385 οὗ
1023 340 1213 401 ἀδελφὸς
1249 340 1398 385 οὑτοσὶ
1428 347 1484 390 34

69 409 285 465 Πλάτων,
341 414 412 453 καὶ
461 408 791 463 Αὶαντόόωρος,
847 404 898 453 οὗ
941 409 1273 465 Ἀπολλόδωρος
1328 407 1400 453 ὅδε

62 476 266 535 ἀδελφός.
315 480 387 520 καὶ
433 475 593 526 ἄλλους
634 476 825 526 πολλοὺς
869 476 945 530 ἐγώ
995 482 1070 533 ἔχω
1117 475 1219 532 ὑμῖν
1255 481 1401 525 εἰπεῖν,

62 538 123 587 ὧν
158 561 256 586 τινα
294 547 422 599 ἐχρῆν
455 543 644 599 μάλιστα
679 546 758 598 μὲν
794 549 838 586 ἐν
877 546 935 599 τῷ
974 547 1130 588 ἑαυτοῦ
1167 544 1281 599 λόγῳ
1319 561 1404 586 πα-

63 615 312 667 ρασχέσθαι
348 614 555 664 ,Μέλητον
587 610 819 667 μάρτυρα·
859 616 894 654 εὶ
927 614 970 655 δὲ
1007 611 1104 656 τότε
1142 612 1401 661 ἐπελάθετο,

61 681 141 720 νῦν
179 683 502 734 παρασχέσθω,
534 676 612 731 ἐγώ
651 680 919 735 παραχωρῶ,
956 682 1027 722 καὶ
1063 682 1240 732 λεγέτω,
1284 679 1321 721 εἴ
1362 695 1400 720 τι

62 748 143 800 ἔχει
179 747 396 789 τοιοῦτον.
431 743 545 788 ἀλλὰ
581 744 744 789 τούτου
781 748 871 788 πᾶν
892 745 1155 789 τούναντίον
1189 744 1402 801 εὑρήσετε,

153 897 193 930 Ρ.
219 897 274 932 34.
326 896 395 930 ‹5'd'e
429 910 470 930 τε
502 896 791 940 Ἀδείμαντος]
824 899 865 932 V
894 900 946 938 δέ,
979 899 1070 940 quod
1107 911 1124 931 e
1155 898 1234 932 Bas.
1261 899 1292 932 2.
1329 897 1402 930 vat.

63 944 146 976 Ven.
174 944 204 977 b.
230 944 331 979 Vind.
356 944 388 979 4.
416 943 508 976 Flor.
534 954 565 975 a.
597 943 671 977 Par.
699 943 775 975 BC.
802 949 978 977 mutatum.

151 987 608 1033 Αἰαντόδωρος]Α1ἀ.
652 990 962 1033 uas.1.Step1=.

643 1035 727 1068 Dein
767 1041 846 1071 vett.
884 1037 979 1072 editt
1019 1039 1057 1068 οὑ

61 1034 163 1067 codd.
210 1036 380 1078 plerisque
418 1036 586 1067 omnibus.

1002 991 1078 1022 Αἰιιι
1071 990 1252 1031 ιιίδωρος,
1292 988 1400 1021 insitis

1094 1032 1349 1077 Ἀπολλόδωζος
1382 1033 1399 1066 o‘

59 1079 217 1124 ἀδελφός,
243 1084 332 1139 quod
359 1082 436 1114 boni
463 1092 581 1113 omnes
607 1087 842 1122 aspernantur.

153 1125 231 1169 ἐγὼ
261 1128 335 1168 ἔχω
371 1126 473 1170 υμῖν
504 1127 657 1169 εἴηεῐι]
696 1127 732 1162 V.
767 1129 866 1170 ἔγωγε
899 1131 979 1169 ἔχω,
1012 1133 1149 1171 praeter
1174 1127 1273 1160 fidem
1300 1126 1402 1163 Bodl.

66 1172 141 1205 vat.
170 1172 251 1205 Ven.
278 1173 309 1205 b.
338 1173 490 1208 Vind.1.
518 1173 668 1207 Flo-211.

63 1264 95 1299 6.
125 1264 217 1298 Flor.
244 1264 274 1296 d.

64 1376 103 1410 D.
145 1376 265 1408 Potuit
290 1386 371 1408 vero
396 1376 509 1406 τοίνυν
534 1375 584 1407 hic
598 1380 693 1409 tanto

62 1423 188 1454 rectius
234 1422 337 1463 poni,
384 1420 475 1462 quod
516 1420 693 1463 Socrates,

61 1471 284 1509 posteaquam
312 1471 427 1508 patres
453 1469 691 1501 nonnullorum

62 1513 302 1555 discipulorum
330 1522 467 1545 suorum
495 1519 694 1554 praesentes

61 1560 264 1599 nominavit,
298 1558 461 1600 deinceps
493 1559 592 1592 etiam
625 1560 692 1592 sra—

63 1610 132 1637 tres
169 1610 203 1637 et
236 1609 401 1646 cognatos
440 1604 605 1646 quosdam
641 1617 695 1639 re-

63 1655 193 1691 censet,
218 1655 255 1682 ut
277 1650 349 1693 ipse
374 1654 472 1683 antea
499 1651 666 1684 indicavit.

108 1695 436 1739 Νικόστρατος]
479 1697 529 1729 De
564 1697 632 1729 hoc
666 1702 700 1730 et

63 1743 105 1776 de
140 1742 373 1775 Theodoto
406 1742 483 1774 nillil
513 1744 699 1776 memoriae

62 1789 225 1822 traditum
255 1793 319 1829 est,
344 1793 509 1829 quantum
536 1799 598 1820 nos
624 1790 697 1831 qui—

63 1835 140 1867 dem
168 1834 329 1868 sciamus.
354 1834 411 1866 De
435 1834 698 1875 Demodocu,

63 1880 213 1922 Theagis
245 1884 360 1922 patre,
395 1890 423 1911 v.
456 1879 628 1922 Theagem
665 1892 698 1923 p.

62 1927 140 1962 127.
168 1926 206 1958 E.
258 1926 307 1958 De
337 1926 516 1964 Paralo,
548 1927 605 1967 qui
632 1937 698 1959 non

62 1971 323 2005 confundendus
361 1975 414 2004 est
453 1982 530 2004 cum
569 1983 698 2014 cogno-

64 2019 153 2051 mine
183 2019 324 2050 Periclis
351 2018 430 2058 filio,
457 2018 532 2050 nillil
554 2029 696 2060 usquam

63 2064 206 2106 legimus
250 2083 291 2088 -
357 2063 615 2096 Adimantus
649 2066 698 2096 iu-

63 2110 228 2151 telligitur
270 2109 425 2142 Platonis
475 2109 596 2150 frater,
644 2111 699 2152 qui

63 2157 96 2188 iu
131 2156 222 2188 libris
254 2155 297 2188 de
338 2155 515 2197 republica
557 2158 700 2198 loquens

64 2201 243 2234 inducitur.
282 2201 348 2233 vid.
389 2202 461 2235 libr.
492 2202 535 2235 11.
568 2213 600 2245 p.
630 2202 698 2237 357

64 2265 109 2270 —
126 2246 204 2280 368.
231 2246 320 2280 Vlll.
353 2258 385 2289 p.
412 2246 492 2281 548.
518 2248 557 2280 D.
584 2248 622 2282 E.
655 2250 697 2282 al.

65 2311 106 2315 —
136 2291 408 2324 Aeantodori
441 2294 518 2326 alibi
551 2296 698 2326 mentio-

65 2347 142 2370 nem
176 2338 299 2370 factam
335 2348 411 2371 esse
443 2349 507 2371 non
544 2340 698 2372 memini-

66 2394 154 2416 mus·
173 2401 216 2407 —-
242 2383 565 2425 Apollodorum
584 2389 696 2418 autem

64 2431 223 2461 novimus
248 2429 415 2461 hominem
443 2430 547 2463 fuisse
562 2431 699 2464 Socrati

66 2476 165 2515 longe
191 2475 452 2507 deditissimum.
478 2476 697 2512 v.Pl1aedon.

65 2532 96 2563 p.
128 2521 184 2555 59.
220 2523 265 2554 A.
293 2532 324 2562 p.
349 2521 427 2556 117.
455 2522 493 2554 D.
536 2522 698 2566 SympOS.

65 2578 96 2609 p.
115 2567 191 2602 172.
219 2571 258 2600 A.
284 2567 360 2601 173.
385 2568 424 2599 D.
442 2567 482 2599 E.
506 2567 698 2612 Xenopli.

66 2613 168 2648 Mem.
193 2613 334 2654 111.11‚
351 2614 406 2648 17.
454 2614 616 2648 Ceterum
640 2628 700 2647 κα-

64 2658 253 2693 ταδεῖσθαι
293 2663 346 2692 est
383 2660 564 2701 aliquem
607 2671 699 2702 pre-

66 2705 190 2738 cibus
221 2706 398 2739 vincere
435 2717 482 2738 ac
519 2716 699 2740 commo-

67 2761 180 2787 vete.
225 2751 313 2787 Nam
332 2751 497 2785 sententia
522 2751 606 2786 haec
630 2757 699 2788 est:

719 1173 781 1206 ..h
806 1174 1027 1206 Par.1)sT.

153 1217 262 1260 λόγῳ
293 1218 633 1261 παρασχέσθαι]
666 1219 722 1251 Sic
755 1220 852 1254 Bodl.
882 1220 988 1254 Coisl.

1022 1219 1104 1253 Ven.
1131 1219 1163 1252 b.
1189 1218 1286 1251 Vind.
1312 1218 1343 1253 1.
1367 1217 1400 1253 4.

327 1265 391 1298 ..h
419 1266 498 1299 Par.
527 1264 638 1297 DS'R
691 1265 800 1307 Vulgo
824 1268 1050 1311 παρέχεσθαι

763 1389 843 1411 non
869 1382 1016 1421 potest
1042 1377 1306 1410 Theodotus
1332 1376 1400 1410 Ni-

763 1429 1007 1458 costratum
1057 1424 1232 1457 fratrem
1274 1433 1401 1465 roga-

762 1481 823 1510 re,
856 1481 904 1503 ne
938 1481 1000 1502 me
1033 1475 1217 1503 accuset
1242 1474 1283 1503 et
1307 1479 1400 1501 con-

762 1521 825 1548 tra
856 1527 918 1549 me
944 1520 1144 1550 testetur.

808 1585 849 1619 Ρ.
874 1584 929 1618 34.
978 1583 1171 1626 μάλιστα
1195 1585 1268 1627 μὲν
1293 1602 1336 1606 -—-
1362 1582 1400 1614 εὶ

765 1631 805 1663 δὲ
845 1630 948 1662 τότε
996 1629 1266 1672 ἐπελάθετο]
1317 1628 1399 1661 Fre-

766 1686 874 1718 quens
901 1679 954 1709 est
977 1677 1068 1708 istud
1093 1675 1244 1718 μάλιστα
1269 1676 1330 1717 μέν
1353 1693 1399 1699 --

764 1723 795 1754 εἰ
820 1723 858 1754 δέ
882 1728 916 1755 et
940 1722 969 1753 εἰ
994 1723 1028 1753 δὲ
1050 1721 1113 1763 μή,
1143 1724 1194 1755 vel
1214 1722 1314 1755 etiam
1330 1719 1399 1761 μα’-

764 1769 863 1799 λιστα
894 1771 955 1811 μὲν
980 1786 1021 1792 —-
1047 1769 1094 1800 δέ.
1133 1779 1163 1802 ν.
1193 1768 1235 1801 ad
1268 1765 1400 1808 Euthy-

766 1814 856 1846 dem.
889 1825 922 1856 p.
948 1813 1027 1848 304.
1054 1815 1099 1846 A.
1133 1815 1189 1846 ubi
1222 1824 1309 1856 quae
1339 1812 1398 1844 ad-

766 1861 988 1902 scripsimus,
1029 1861 1070 1892 iis
1107 1870 1194 1892 nunc
1233 1858 1401 1892 accedant

765 1906 867 1948 Reip
898 1906 997 1938 VIII.
1023 1917 1055 1949 p.
1070 1905 1148 1940 564
1178 1907 1216 1938 Β.
1247 1904 1400 1958 μάλιστα

765 1954 823 1995 μὲν
848 1951 940 1988 ὅπως
964 1951 1009 1995 μὴ
1037 1954 1120 1994 ἐγγέι
1123 1956 1261 1994 ησθον,
1298 1963 1341 1982 αν
1366 1951 1401 1982 δὲ

764 1999 993 2040 ἐγγένησθον,
1032 1997 1124 2035 ὅπως
1163 1997 1219 2030 ὅτι
1253 1996 1401 2037 τάχιστα

765 2063 809 2067 -
829 2045 1079 2086 ἕκτετμῆσθον.
1107 2044 1258 2087 Sopllist
1274 2055 1305 2086 p.
1321 2042 1399 2077 246.

767 2090 804 2123 C.
842 2088 995 2131 μάλιστα
1025 2093 1103 2132 μέν,
1130 2092 1160 2122 εἴ
1183 2103 1227 2134 πη
1252 2088 1401 2122 δυνατὸν

765 2131 940 2179 ›71¹‚3'97oe
964 2135 1138 2177 βελτίους,
1170 2136 1199 2167 εἰ
1233 2137 1267 2168 δὲ
1291 2138 1399 2167 τοῦτο

765 2180 810 2224 μή
838 2182 990 2222 ἐγχωρεῖ,
1016 2194 1045 2213 κ.
1071 2194 1101 2213 τ.
1129 2183 1158 2213 λ.
1187 2182 1294 2224 Legg.
1311 2180 1401 2215 Vlll.

792 2255 797 2260 .
824 2227 903 2261 830.
931 2228 969 2259 ι).
995 2226 1073 2262 835.
1100 2227 1142 2262 B.
1167 2227 1232 2261 1x.
1261 2238 1295 2270 p.
1321 2226 1401 2261 853.

767 2274 808 2306 Ε.
833 2274 911 2308 938.
940 2277 978 2307 A.

812 2341 888 2384 ἐγὼ
916 2341 1181 2385 παραχωρῶ]
1207 2340 1237 2374 h.
1263 2353 1292 2376 e.
1323 2352 1398 2383 per

766 2399 826 2421 me
858 2388 895 2419 ei
936 2387 1013 2420 lioc
1051 2389 1170 2422 licet.
1224 2387 1399 2420 Videlicet

764 2445 834 2467 non
859 2434 983 2465 licebat
1008 2445 1103 2467 reum
1138 2446 1176 2466 se
1210 2433 1396 2466 defenden-

766 2485 833 2512 tem
872 2479 1088 2521 iuterpellare
1122 2485 1155 2512 et
1187 2484 1323 2521 tempus
1355 2479 1396 2512 ad

765 2525 1001 2558 defensionem
1027 2527 1057 2558 ei
1079 2535 1279 2558 concessum
1295 2530 1401 2568 atque

765 2571 945 2613 clepsydra
971 2570 1144 2604 definitum
1162 2572 1279 2604 alienis
1294 2573 1399 2605 rebus

767 2621 958 2649 conterere.
1006 2617 1130 2650 Flebat
1154 2622 1269 2650 tamen
1293 2618 1399 2651 inter—

768 2663 861 2705 dum,
887 2666 924 2694 ut
949 2663 1006 2704 qui
1022 2674 1174 2697 caussam
1200 2673 1295 2697 suam
1321 2674 1401 2706 per-

769 2710 928 2749 orabant,
967 2710 987 2741 ii
1036 2710 1138 2742 etiam
1183 2709 1399 2743 adversarios

768 2756 927 2789 iuberent
966 2756 1054 2789 iuter
1084 2766 1179 2790 suam
1210 2757 1399 2790 orationem
