1644 3039
164 193 480 237 PLATONIS
512 192 899 236 APOLOGIAM
932 193 1249 237 SOCRATIs.
1334 197 1385 235 232)

35 307 272 363 sophistica
301 314 344 348 et
374 306 590 349 rhetorica
619 307 832 361 corruptis
865 321 915 347 ac
946 305 1209 361 depravatis.
1270 307 1385 348 Pau-

33 379 180 406 corum
221 370 363 406 autem
393 364 618 420 imperium
659 363 702 403 in
736 378 907 405 saevam
939 362 1278 420 degeneraverat
1308 364 1385 406 do-

32 421 337 475 minationem,
383 435 492 475 quae
531 420 866 473 temperantiae,
907 421 1173 474 modestiae,
1212 421 1385 477 sapien-

31 478 116 519 tiae
149 477 335 532 denique
367 478 528 519 nullum
552 476 694 517 locum
717 476 993 530 relinqueret.
1055 478 1269 520 Neutram
1299 478 1382 534 igi-

30 540 102 576 tur
140 535 320 576 formam
362 533 623 591 reipublicae
654 532 858 575 Socrates
888 541 1061 588 poterat
1091 535 1277 590 probare
1314 542 1383 575 ut-

30 597 131 647 pote
159 592 419 647 turpissimis
462 591 579 632 vitiis
611 590 894 644 inquinatam.
956 590 1086 644 Quod
1119 591 1384 633 accusatori-

31 648 112 690 bus
143 649 235 690 eius
265 663 415 690 ansam
445 647 579 700 dedit,
611 653 660 687 ut
691 662 787 688 eum
818 646 933 701 apud
966 648 1196 704 populares
1217 647 1383 690 iudices

33 704 86 746 de
119 704 406 747 democratiae
437 704 535 746 odio
566 710 815 759 suspectum
845 704 1099 759 redderent,
1150 720 1280 759 quam
1310 720 1383 747 ca-

30 762 234 802 lumniam
283 763 472 803 refutant
513 761 717 815 Xenop
733 760 774 803 h.
807 761 938 815 Apol.
969 761 1004 803 I.
1038 763 1085 816 ⁶2,
1120 763 1186 803 60.
1219 762 1381 819 Diog.

29 818 213 860 Laert.
244 818 305 860 II.
338 820 406 860 24.
444 821 496 870 ἠν
537 820 582 860 δὲ
627 820 966 873 ὶσχυρογνιυίιιων
1005 835 1076 861 και
1109 823 1383 873 &nucupa-

27 876 186 924 τικός
227 892 264 916 κ.
296 894 333 917 τ.
365 878 402 916 λ.
475 875 567 916 Iam
607 889 710 915 vero
751 874 857 917 haec
899 891 1030 930 quum
1070 875 1199 917 fuerit
1238 891 1383 917 rerum

29 930 247 986 conditio,
288 933 384 987 quis
427 947 587 987 quaeso
621 937 709 985 est,
758 932 861 986 quin
891 932 1004 973 ultro
1036 932 1266 988 largiatur,
1300 931 1382 975 So-

29 995 189 1030 cratem
221 995 370 1045 utpote
403 989 610 1031 scientiae
642 994 771 1043 atque
804 989 975 1030 virtutis
1014 989 1157 1031 studio
1189 990 1383 1031 tribuen-

29 1052 114 1086 tem
168 1047 309 1087 omnia
356 1045 606 1087 iustissimis
649 1045 701 1086 de
756 1047 922 1088 caussis
974 1047 1196 1102 republica
1248 1046 1382 1088 absti-

30 1102 210 1143 nuisse?
268 1102 504 1144 Enimvero
534 1102 596 1143 illi
636 1102 809 1157 quidem
854 1102 1189 1158 haudquaquam
1230 1104 1382 1145 tortio-

26 1174 96 1200 res
127 1158 308 1202 Socrate
341 1160 602 1212 extiterunt,
645 1160 718 1214 qui
758 1176 896 1215 nuper
932 1161 1025 1202 viro
1059 1160 1381 1216 sapientissimo

26 1214 111 1257 hoc
159 1216 385 1258 consilium
442 1223 665 1258 verterunt
710 1217 965 1272 opprobrio,
1031 1216 1382 1271 quandoquidem

28 1271 135 1327 ipsi,
194 1272 296 1315 licet
353 1273 655 1315 miserabiliter
715 1288 842 1328 saepe
904 1275 1133 1327 conquesti
1195 1274 1280 1315 sint
1329 1274 1381 1316 de

29 1328 282 1384 disciplinae
330 1330 531 1386 publicae
576 1344 626 1370 ac
678 1330 874 1385 privatae
925 1330 1262 1386 depravatione,
1315 1337 1381 1372 ta-

27 1400 125 1426 men
182 1386 426 1428 maluerunt
484 1386 528 1427 in
580 1386 772 1441 privatae
824 1387 939 1428 vitae
993 1387 1255 1429 umbraculis
1306 1387 1380 1428 de-

26 1441 252 1496 litescere,
304 1459 432 1498 quam
478 1442 754 1484 audentiores
805 1444 976 1499 publice
1031 1444 1215 1500 publicis
1256 1445 1380 1487 malis

27 1498 198 1540 obviam
247 1500 309 1540 ire
359 1508 402 1541 et
461 1499 675 1541 laboranti
723 1501 890 1555 patriae
943 1516 1209 1542 succurrere.
1289 1500 1380 1544 Sed

25 1555 233 1598 mittimus
263 1556 368 1607 ista3
414 1556 548 1598 satius
578 1557 658 1597 erit
688 1557 916 1599 revertisse
948 1557 1003 1598 ad
1034 1557 1271 1601 Socratem.
1331 1558 1378 1599 Is

25 1612 160 1668 igitur
188 1628 266 1668 pro
298 1628 376 1655 suo
409 1628 512 1669 erga
542 1613 724 1669 patriam
744 1629 901 1667 amore,
935 1615 1003 1656 cui
1027 1622 1117 1656 erat
1138 1630 1214 1670 per
1237 1616 1380 1657 omnia

27 1668 321 1712 deditissimus
363 1671 423 1726 (v.
465 1670 604 1714 Plat.
646 1668 753 1712 Crit.
786 1687 826 1726 p.
860 1673 926 1714 50.
960 1674 1010 1712 51
1047 1687 1141 1726 sqq.
1173 1672 1304 1728 Apol.
1335 1689 1376 1728 p.

27 1728 91 1768 29.
122 1726 372 1783 Xenoph.
404 1727 536 1769 Mem.
567 1726 652 1768 ΙΙΙ.
685 1730 724 1769 3.
761 1730 823 1769 12.
857 1728 941 1769 ΙΙΙ.
975 1730 1021 1782 5,
1057 1731 1080 1771 2
1114 1744 1209 1783 sqq.
1251 1735 1294 1770 et
1327 1731 1377 1771 18

25 1783 141 1838 sqq.)
171 1783 216 1824 in
244 1784 422 1840 publica
449 1784 535 1825 ista
565 1784 775 1825 scelerum
807 1792 849 1825 et
873 1785 1082 1827 malorum
1102 1786 1249 1827 illuvie
1280 1801 1377 1827 eum

24 1840 136 1881 vitae
168 1855 341 1882 cursum
372 1840 453 1882 sibi
482 1840 717 1882 tenendum
748 1841 971 1895 iudicavit,
1008 1847 1057 1882 ut
1088 1842 1254 1883 civibus
1285 1843 1376 1884 suis

24 1897 224 1951 privatim
265 1897 410 1952 potius
449 1896 678 1951 prodesset
709 1913 836 1951 quam
868 1905 1115 1954 capesseret
1143 1899 1376 1955 rempubli-

27 1968 131 1996 cam.
190 1954 324 1995 Plane
355 1953 467 1995 enim
499 1954 583 1996 sibi
613 1962 910 2010 persuaserat,
954 1971 1100 1997 verum
1132 1971 1227 1998 esse
1258 1956 1377 2011 quod

25 2009 236 2053 Seneca
273 2010 342 2052 De
382 2010 599 2065 tranquill.
643 2026 710 2054 an.
752 2028 788 2053 c.
835 2015 874 2054 3.
916 2013 978 2054 sic
1019 2011 1194 2054 effatur:
1253 2013 1376 2056 Non

24 2067 179 2109 solus
230 2067 275 2109 is
324 2068 678 2123 reipublicae
726 2068 980 2125 prodest,
1042 2070 1135 2124 qui
1183 2076 1376 2112 tuetur

23 2139 145 2166 reos
177 2130 228 2166 et
258 2123 319 2166 de
347 2140 482 2180 pace
513 2125 770 2180 belloque
802 2138 1015 2180 censet,
1049 2126 1146 2168 sed
1177 2128 1270 2181 qui
1300 2127 1375 2169 iu-

23 2187 303 2223 ventutem
344 2181 706 2236 exhortatur,
762 2183 851 2237 qui
893 2183 1083 2237 docet,
1127 2183 1260 2237 quid
1298 2184 1376 2226 sit

23 2237 271 2287 iustitia,
311 2237 450 2293 quid
489 2239 699 2294 pietas,
745 2239 876 2295 quid
906 2240 1209 2294 patientia,
1243 2240 1374 2295 quid

24 2293 326 2348 fortitudo,
368 2294 502 2350 quid
540 2296 738 2337 mortis
781 2303 1123 2350 contemtus,
1165 2297 1255 2351 qui
1286 2313 1374 2339 nu-

24 2349 191 2391 minis
231 2351 589 2405 intellectus,
633 2368 788 2407 quam
832 2354 1142 2410 gratuitum
1172 2354 1373 2396 bonum

25 2406 101 2448 sit
141 2407 512 2451 conscientia.
583 2408 725 2462 Quam
767 2410 939 2465 quidem
983 2410 1248 2465 provinciam
1292 2410 1373 2454 So-

24 2469 186 2505 cratem
243 2464 563 2520 religiosissime
625 2466 1013 2520 administravisse,
1071 2475 1188 2509 certe
1247 2483 1372 2510 nemo

26 2520 533 2577 quisquaninegaverit,
574 2529 703 2577 atque
745 2525 872 2565 etiam
911 2522 1064 2564 exinde
1095 2523 1370 2579 perspicitur,

25 2576 142 2631 quod
172 2578 533 2632 praestantissimi
565 2579 656 2621 eius
689 2580 890 2637 discipuli
914 2580 1086 2621 easdem
1108 2581 1161 2622 ob
1195 2595 1370 2624 caussas

24 2633 204 2675 eandem
242 2635 369 2689 plane
412 2634 587 2676 vivendi
624 2637 736 2678 viam
776 2637 959 2693 ingressi
1004 2643 1129 2690 sunt,
1175 2637 1370 2692 quando—

24 2689 198 2744 quidem
226 2691 477 2747 Xenophon
506 2691 735 2736 defunctus
765 2694 940 2736 militiae
971 2693 1190 2735 laboribus
1217 2694 1369 2737 relicta

23 2747 162 2800 patria
190 2748 234 2790 in
265 2747 497 2791 solitudine
530 2749 612 2791 sibi
643 2757 770 2806 atque
800 2751 956 2792 litteris
982 2750 1110 2800 vixit3
1140 2751 1266 2794 Plato
1295 2767 1369 2793 au-
