<?xml version="1.0" encoding="UTF-8"?>
<!DOCTYPE html PUBLIC "-//W3C//DTD XHTML 1.0 Transitional//EN"
    "http://www.w3.org/TR/xhtml1/DTD/xhtml1-transitional.dtd">
<html xmlns="http://www.w3.org/1999/xhtml" xml:lang="en" lang="en">
 <head>
  <title>
</title>
<meta http-equiv="Content-Type" content="text/html;charset=utf-8" />
  <meta name='ocr-system' content='tesseract 3.04.00' />
  <meta name='ocr-capabilities' content='ocr_page ocr_carea ocr_par ocr_line ocrx_word'/>
</head>
<body>
  <div class='ocr_page' id='page_1' title='image "./n1operaomniarecens01platuoft/n1operaomniarecens01platuoft_0119.png"; bbox 0 0 1644 3039; ppageno 0'>
   <div class='ocr_carea' id='block_1_1' title="bbox 184 202 1411 246">
    <p class='ocr_par' dir='ltr' id='par_1_1' title="bbox 184 202 1411 246">
     <span class='ocr_line' id='line_1_1' title="bbox 184 202 1411 246; baseline -0.002 0"><span class='ocrx_word' id='word_1_1' title='bbox 184 204 499 246; x_wconf 66' lang='lat' dir='ltr'><strong>PLATQNIS</strong></span> <span class='ocrx_word' id='word_1_2' title='bbox 533 202 915 246; x_wconf 64' lang='lat' dir='ltr'><strong>APOLQGLAM</strong></span> <span class='ocrx_word' id='word_1_3' title='bbox 949 202 1272 246; x_wconf 63' lang='lat' dir='ltr'><strong>SOCRATIS.</strong></span> <span class='ocrx_word' id='word_1_4' title='bbox 1360 208 1411 245; x_wconf 64' lang='lat'>39</span> 
     </span>
    </p>
   </div>
   <div class='ocr_carea' id='block_1_2' title="bbox 0 316 1411 717">
    <p class='ocr_par' dir='ltr' id='par_1_2' title="bbox 0 316 1411 717">
     <span class='ocr_line' id='line_1_2' title="bbox 57 316 1411 373; baseline 0.001 -14"><span class='ocrx_word' id='word_1_5' title='bbox 57 319 159 373; x_wconf 87' lang='lat' dir='ltr'>quia</span> <span class='ocrx_word' id='word_1_6' title='bbox 196 318 411 359; x_wconf 84' lang='lat' dir='ltr'>miseriam</span> <span class='ocrx_word' id='word_1_7' title='bbox 452 317 642 359; x_wconf 77' lang='lat' dir='ltr'>civitatis</span> <span class='ocrx_word' id='word_1_8' title='bbox 683 316 838 359; x_wconf 85' lang='lat' dir='ltr'>studiis</span> <span class='ocrx_word' id='word_1_9' title='bbox 888 317 1174 359; x_wconf 84' lang='lat' dir='ltr'>democratiae</span> <span class='ocrx_word' id='word_1_10' title='bbox 1227 319 1268 359; x_wconf 87' lang='lat' dir='ltr'>in</span> <span class='ocrx_word' id='word_1_11' title='bbox 1319 319 1411 361; x_wconf 83' lang='lat' dir='ltr'>dies</span> 
     </span>
     <span class='ocr_line' id='line_1_3' title="bbox 54 373 1409 432; baseline 0.001 -15.962"><span class='ocrx_word' id='word_1_12' title='bbox 54 375 192 432; x_wconf 85' lang='lat' dir='ltr'>magis</span> <span class='ocrx_word' id='word_1_13' title='bbox 244 375 452 431; x_wconf 83' lang='lat' dir='ltr'>adaugeri</span> <span class='ocrx_word' id='word_1_14' title='bbox 504 390 589 416; x_wconf 91' lang='lat' dir='ltr'>non</span> <span class='ocrx_word' id='word_1_15' title='bbox 639 374 731 416; x_wconf 90' lang='lat' dir='ltr'>sine</span> <span class='ocrx_word' id='word_1_16' title='bbox 792 373 940 416; x_wconf 85' lang='lat' dir='ltr'>dolore</span> <span class='ocrx_word' id='word_1_17' title='bbox 999 374 1409 417; x_wconf 87' lang='lat' dir='ltr'>animadverterunt.</span> 
     </span>
     <span class='ocr_line' id='line_1_4' title="bbox 0 431 1409 488; baseline 0.001 -15"><span class='ocrx_word' id='word_1_18' title='bbox 0 446 2 453; x_wconf 59' lang='lat'><em>³</em></span> <span class='ocrx_word' id='word_1_19' title='bbox 56 432 181 485; x_wconf 75' lang='lat' dir='ltr'>Quae</span> <span class='ocrx_word' id='word_1_20' title='bbox 222 432 397 487; x_wconf 85' lang='lat' dir='ltr'>quidem</span> <span class='ocrx_word' id='word_1_21' title='bbox 438 432 580 473; x_wconf 85' lang='lat' dir='ltr'>onmia</span> <span class='ocrx_word' id='word_1_22' title='bbox 628 431 664 472; x_wconf 90' lang='lat' dir='ltr'>si</span> <span class='ocrx_word' id='word_1_23' title='bbox 704 431 986 485; x_wconf 75' lang='lat' dir='ltr'>probabiliter</span> <span class='ocrx_word' id='word_1_24' title='bbox 1028 439 1131 473; x_wconf 86' lang='lat' dir='ltr'>sunt</span> <span class='ocrx_word' id='word_1_25' title='bbox 1171 431 1409 488; x_wconf 88' lang='lat' dir='ltr'>disputata,</span> 
     </span>
     <span class='ocr_line' id='line_1_5' title="bbox 55 488 1410 545; baseline 0.001 -15"><span class='ocrx_word' id='word_1_26' title='bbox 55 496 170 530; x_wconf 85' lang='lat' dir='ltr'>certe</span> <span class='ocrx_word' id='word_1_27' title='bbox 200 496 356 545; x_wconf 86' lang='lat' dir='ltr'>sponte</span> <span class='ocrx_word' id='word_1_28' title='bbox 385 489 651 530; x_wconf 84' lang='lat' dir='ltr'>intellectum</span> <span class='ocrx_word' id='word_1_29' title='bbox 682 488 733 528; x_wconf 88' lang='lat' dir='ltr'>iri</span> <span class='ocrx_word' id='word_1_30' title='bbox 766 488 1048 541; x_wconf 77' lang='lat' dir='ltr'>arbitramur,</span> <span class='ocrx_word' id='word_1_31' title='bbox 1092 490 1167 543; x_wconf 91' lang='lat' dir='ltr'>qui</span> <span class='ocrx_word' id='word_1_32' title='bbox 1207 489 1302 531; x_wconf 90' lang='lat' dir='ltr'>fieri</span> <span class='ocrx_word' id='word_1_33' title='bbox 1332 505 1410 544; x_wconf 92' lang='lat' dir='ltr'>po-</span> 
     </span>
     <span class='ocr_line' id='line_1_6' title="bbox 54 545 1410 602; baseline 0.001 -15"><span class='ocrx_word' id='word_1_34' title='bbox 54 546 210 599; x_wconf 87' lang='lat' dir='ltr'>tuerit,</span> <span class='ocrx_word' id='word_1_35' title='bbox 257 552 306 587; x_wconf 89' lang='lat' dir='ltr'>ut</span> <span class='ocrx_word' id='word_1_36' title='bbox 339 546 466 587; x_wconf 85' lang='lat' dir='ltr'>Plato</span> <span class='ocrx_word' id='word_1_37' title='bbox 504 546 611 602; x_wconf 89' lang='lat' dir='ltr'>ipsis</span> <span class='ocrx_word' id='word_1_38' title='bbox 652 545 919 600; x_wconf 76' lang='lat' dir='ltr'>temporibus</span> <span class='ocrx_word' id='word_1_39' title='bbox 962 545 1016 586; x_wconf 90' lang='lat' dir='ltr'>ad</span> <span class='ocrx_word' id='word_1_40' title='bbox 1049 546 1307 602; x_wconf 85' lang='lat' dir='ltr'>capiendum</span> <span class='ocrx_word' id='word_1_41' title='bbox 1337 563 1410 588; x_wconf 85' lang='lat' dir='ltr'>ex-</span> 
     </span>
     <span class='ocr_line' id='line_1_7' title="bbox 54 600 1409 658; baseline 0.001 -14"><span class='ocrx_word' id='word_1_42' title='bbox 54 603 410 658; x_wconf 84' lang='lat' dir='ltr'>scquendumque</span> <span class='ocrx_word' id='word_1_43' title='bbox 452 602 679 644; x_wconf 87' lang='lat' dir='ltr'>consilium</span> <span class='ocrx_word' id='word_1_44' title='bbox 718 600 826 642; x_wconf 89' lang='lat' dir='ltr'>illud</span> <span class='ocrx_word' id='word_1_45' title='bbox 866 602 1142 655; x_wconf 76' lang='lat' dir='ltr'>invitaretur,</span> <span class='ocrx_word' id='word_1_46' title='bbox 1189 603 1309 658; x_wconf 87' lang='lat' dir='ltr'>quod</span> <span class='ocrx_word' id='word_1_47' title='bbox 1356 605 1409 645; x_wconf 85' lang='lat' dir='ltr'>ab</span> 
     </span>
     <span class='ocr_line' id='line_1_8' title="bbox 55 658 1410 717; baseline 0.001 -17"><span class='ocrx_word' id='word_1_48' title='bbox 55 675 105 701; x_wconf 91' lang='lat' dir='ltr'>eo</span> <span class='ocrx_word' id='word_1_49' title='bbox 146 660 366 716; x_wconf 85' lang='lat' dir='ltr'>Apologia</span> <span class='ocrx_word' id='word_1_50' title='bbox 405 659 598 703; x_wconf 87' lang='lat' dir='ltr'>Socratis</span> <span class='ocrx_word' id='word_1_51' title='bbox 643 658 874 701; x_wconf 86' lang='lat' dir='ltr'>scribenda</span> <span class='ocrx_word' id='word_1_52' title='bbox 913 666 1163 714; x_wconf 82' lang='lat' dir='ltr'>susceptum</span> <span class='ocrx_word' id='word_1_53' title='bbox 1204 668 1246 702; x_wconf 89' lang='lat' dir='ltr'>et</span> <span class='ocrx_word' id='word_1_54' title='bbox 1288 676 1410 717; x_wconf 85' lang='lat' dir='ltr'>pera-</span> 
     </span>
    </p>
   </div>
   <div class='ocr_carea' id='block_1_3' title="bbox 0 716 622 759">
    <p class='ocr_par' dir='ltr' id='par_1_3' title="bbox 0 716 622 759">
     <span class='ocr_line' id='line_1_9' title="bbox 0 716 622 759; baseline -0.002 -1"><span class='ocrx_word' id='word_1_55' title='bbox 0 734 4 758; x_wconf 88' lang='grc'>;</span> <span class='ocrx_word' id='word_1_56' title='bbox 55 724 171 758; x_wconf 85' lang='lat' dir='ltr'>ctum</span> <span class='ocrx_word' id='word_1_57' title='bbox 202 732 295 759; x_wconf 83' lang='lat' dir='ltr'>esse</span> <span class='ocrx_word' id='word_1_58' title='bbox 324 716 622 758; x_wconf 88' lang='lat' dir='ltr'>iudicavimus.</span> 
     </span>
    </p>
   </div>
   <div class='ocr_carea' id='block_1_4' title="bbox 50 800 1411 970">
    <p class='ocr_par' dir='ltr' id='par_1_4' title="bbox 50 800 1411 970">
     <span class='ocr_line' id='line_1_10' title="bbox 165 800 1410 857; baseline 0.001 -15"><span class='ocrx_word' id='word_1_59' title='bbox 165 800 343 843; x_wconf 80' lang='lat' dir='ltr'>Certum</span> <span class='ocrx_word' id='word_1_60' title='bbox 374 807 439 844; x_wconf 88' lang='lat' dir='ltr'>est</span> <span class='ocrx_word' id='word_1_61' title='bbox 469 801 604 857; x_wconf 87' lang='lat' dir='ltr'>igitur</span> <span class='ocrx_word' id='word_1_62' title='bbox 634 807 676 842; x_wconf 88' lang='lat' dir='ltr'>et</span> <span class='ocrx_word' id='word_1_63' title='bbox 707 800 1002 856; x_wconf 78' lang='lat' dir='ltr'>exploratum,</span> <span class='ocrx_word' id='word_1_64' title='bbox 1047 801 1099 843; x_wconf 88' lang='lat' dir='ltr'>dc</span> <span class='ocrx_word' id='word_1_65' title='bbox 1141 818 1226 856; x_wconf 86' lang='lat' dir='ltr'>quo</span> <span class='ocrx_word' id='word_1_66' title='bbox 1263 802 1410 844; x_wconf 88' lang='lat' dir='ltr'>hacte-</span> 
     </span>
     <span class='ocr_line' id='line_1_11' title="bbox 50 857 1410 914; baseline 0.001 -15"><span class='ocrx_word' id='word_1_67' title='bbox 50 874 131 900; x_wconf 86' lang='lat' dir='ltr'>nus</span> <span class='ocrx_word' id='word_1_68' title='bbox 151 859 443 914; x_wconf 72' lang='lat' dir='ltr'>exposuimus,</span> <span class='ocrx_word' id='word_1_69' title='bbox 477 873 687 900; x_wconf 88' lang='lat' dir='ltr'>summum</span> <span class='ocrx_word' id='word_1_70' title='bbox 715 857 1021 913; x_wconf 83' lang='lat' dir='ltr'>philosophum</span> <span class='ocrx_word' id='word_1_71' title='bbox 1053 859 1096 899; x_wconf 87' lang='lat' dir='ltr'>in</span> <span class='ocrx_word' id='word_1_72' title='bbox 1129 858 1297 900; x_wconf 85' lang='lat' dir='ltr'>edendo</span> <span class='ocrx_word' id='word_1_73' title='bbox 1328 859 1410 901; x_wconf 92' lang='lat' dir='ltr'>hoc</span> 
     </span>
     <span class='ocr_line' id='line_1_12' title="bbox 51 914 1411 970; baseline 0.001 -15"><span class='ocrx_word' id='word_1_74' title='bbox 51 915 314 957; x_wconf 81' lang='lat' dir='ltr'>defensionis</span> <span class='ocrx_word' id='word_1_75' title='bbox 355 915 500 957; x_wconf 87' lang='lat' dir='ltr'>libello</span> <span class='ocrx_word' id='word_1_76' title='bbox 539 914 584 955; x_wconf 88' lang='lat' dir='ltr'>id</span> <span class='ocrx_word' id='word_1_77' title='bbox 630 930 763 956; x_wconf 87' lang='lat' dir='ltr'>unum</span> <span class='ocrx_word' id='word_1_78' title='bbox 801 915 984 956; x_wconf 80' lang='lat' dir='ltr'>maxime</span> <span class='ocrx_word' id='word_1_79' title='bbox 1024 916 1320 970; x_wconf 72' lang='lat' dir='ltr'>spectavisse,</span> <span class='ocrx_word' id='word_1_80' title='bbox 1363 923 1411 957; x_wconf 86' lang='lat' dir='ltr'>ut</span> 
     </span>
    </p>
   </div>
   <div class='ocr_carea' id='block_1_5' title="bbox 0 971 1408 1015">
    <p class='ocr_par' dir='ltr' id='par_1_5' title="bbox 0 971 1408 1015">
     <span class='ocr_line' id='line_1_13' title="bbox 0 971 1408 1015; baseline 0.001 -3"><span class='ocrx_word' id='word_1_81' title='bbox 0 1008 1 1012; x_wconf 72' lang='grc'>,</span> <span class='ocrx_word' id='word_1_82' title='bbox 52 972 245 1015; x_wconf 84' lang='lat' dir='ltr'>Socratis</span> <span class='ocrx_word' id='word_1_83' title='bbox 277 987 422 1014; x_wconf 84' lang='lat' dir='ltr'>coram</span> <span class='ocrx_word' id='word_1_84' title='bbox 454 971 673 1014; x_wconf 82' lang='lat' dir='ltr'>iudicibus</span> <span class='ocrx_word' id='word_1_85' title='bbox 706 987 903 1013; x_wconf 75' lang='lat' dir='ltr'>caussam</span> <span class='ocrx_word' id='word_1_86' title='bbox 935 988 1056 1013; x_wconf 88' lang='lat' dir='ltr'>suam</span> <span class='ocrx_word' id='word_1_87' title='bbox 1100 973 1264 1014; x_wconf 89' lang='lat' dir='ltr'>orantis</span> <span class='ocrx_word' id='word_1_88' title='bbox 1305 973 1408 1014; x_wconf 84' lang='lat' dir='ltr'>ima-</span> 
     </span>
    </p>
   </div>
   <div class='ocr_carea' id='block_1_6' title="bbox 0 1028 1408 1256">
    <p class='ocr_par' dir='ltr' id='par_1_6' title="bbox 0 1028 1408 1256">
     <span class='ocr_line' id='line_1_14' title="bbox 0 1028 1408 1085; baseline 0 -14"><span class='ocrx_word' id='word_1_89' title='bbox 0 1068 1 1072; x_wconf 65' lang='lat'>,</span> <span class='ocrx_word' id='word_1_90' title='bbox 50 1030 193 1085; x_wconf 84' lang='lat' dir='ltr'>ginem</span> <span class='ocrx_word' id='word_1_91' title='bbox 225 1045 353 1084; x_wconf 86' lang='lat' dir='ltr'>quam</span> <span class='ocrx_word' id='word_1_92' title='bbox 382 1031 564 1070; x_wconf 85' lang='lat' dir='ltr'>maxime</span> <span class='ocrx_word' id='word_1_93' title='bbox 595 1029 727 1070; x_wconf 84' lang='lat' dir='ltr'>fidam</span> <span class='ocrx_word' id='word_1_94' title='bbox 760 1028 1008 1082; x_wconf 78' lang='lat' dir='ltr'>exhiberet,</span> <span class='ocrx_word' id='word_1_95' title='bbox 1058 1029 1176 1070; x_wconf 89' lang='lat' dir='ltr'>unde</span> <span class='ocrx_word' id='word_1_96' title='bbox 1208 1036 1296 1070; x_wconf 86' lang='lat' dir='ltr'>tam</span> <span class='ocrx_word' id='word_1_97' title='bbox 1328 1030 1408 1071; x_wconf 83' lang='lat' dir='ltr'>viri</span> 
     </span>
     <span class='ocr_line' id='line_1_15' title="bbox 50 1085 1407 1142; baseline 0 -14"><span class='ocrx_word' id='word_1_98' title='bbox 50 1085 196 1128; x_wconf 83' lang='lat' dir='ltr'>studia</span> <span class='ocrx_word' id='word_1_99' title='bbox 235 1101 363 1141; x_wconf 83' lang='lat' dir='ltr'>quain</span> <span class='ocrx_word' id='word_1_100' title='bbox 416 1086 565 1128; x_wconf 88' lang='lat' dir='ltr'>iudicii</span> <span class='ocrx_word' id='word_1_101' title='bbox 617 1085 670 1127; x_wconf 89' lang='lat' dir='ltr'>de</span> <span class='ocrx_word' id='word_1_102' title='bbox 709 1102 782 1127; x_wconf 89' lang='lat' dir='ltr'>reo</span> <span class='ocrx_word' id='word_1_103' title='bbox 837 1087 940 1127; x_wconf 75' lang='lat' dir='ltr'>sacti</span> <span class='ocrx_word' id='word_1_104' title='bbox 992 1087 1181 1128; x_wconf 84' lang='lat' dir='ltr'>rationes</span> <span class='ocrx_word' id='word_1_105' title='bbox 1236 1087 1407 1142; x_wconf 86' lang='lat' dir='ltr'>plenius</span> 
     </span>
     <span class='ocr_line' id='line_1_16' title="bbox 0 1143 1407 1199; baseline 0.001 -14"><span class='ocrx_word' id='word_1_106' title='bbox 0 1168 1 1171; x_wconf 63' lang='lat'><em>=</em></span> <span class='ocrx_word' id='word_1_107' title='bbox 51 1149 443 1199; x_wconf 80' lang='lat' dir='ltr'>cognoscerentur,</span> <span class='ocrx_word' id='word_1_108' title='bbox 496 1150 539 1184; x_wconf 81' lang='lat' dir='ltr'>et</span> <span class='ocrx_word' id='word_1_109' title='bbox 583 1158 693 1197; x_wconf 82' lang='lat' dir='ltr'>quae</span> <span class='ocrx_word' id='word_1_110' title='bbox 733 1143 817 1198; x_wconf 87' lang='lat' dir='ltr'>ipsi</span> <span class='ocrx_word' id='word_1_111' title='bbox 859 1158 956 1184; x_wconf 86' lang='lat' dir='ltr'>cum</span> <span class='ocrx_word' id='word_1_112' title='bbox 996 1143 1278 1199; x_wconf 84' lang='lat' dir='ltr'>popularibus</span> <span class='ocrx_word' id='word_1_113' title='bbox 1319 1145 1407 1186; x_wconf 83' lang='lat' dir='ltr'>suis</span> 
     </span>
     <span class='ocr_line' id='line_1_17' title="bbox 50 1199 1320 1256; baseline 0.002 -16"><span class='ocrx_word' id='word_1_114' title='bbox 50 1200 370 1242; x_wconf 78' lang='lat' dir='ltr'>intercessisset</span> <span class='ocrx_word' id='word_1_115' title='bbox 399 1199 675 1242; x_wconf 80' lang='lat' dir='ltr'>necessitudo</span> <span class='ocrx_word' id='word_1_116' title='bbox 709 1200 953 1241; x_wconf 81' lang='lat' dir='ltr'>accuratius</span> <span class='ocrx_word' id='word_1_117' title='bbox 986 1201 1320 1256; x_wconf 85' lang='lat' dir='ltr'>perspiceretur.</span> 
     </span>
    </p>
   </div>
   <div class='ocr_carea' id='block_1_7' title="bbox 45 1284 1406 2816">
    <p class='ocr_par' dir='ltr' id='par_1_7' title="bbox 45 1284 1406 2816">
     <span class='ocr_line' id='line_1_18' title="bbox 163 1284 1406 1340; baseline 0.001 -14"><span class='ocrx_word' id='word_1_118' title='bbox 163 1286 311 1339; x_wconf 84' lang='lat' dir='ltr'>Atque</span> <span class='ocrx_word' id='word_1_119' title='bbox 343 1284 449 1325; x_wconf 85' lang='lat' dir='ltr'>haec</span> <span class='ocrx_word' id='word_1_120' title='bbox 481 1285 517 1326; x_wconf 89' lang='lat' dir='ltr'>si</span> <span class='ocrx_word' id='word_1_121' title='bbox 539 1299 638 1325; x_wconf 86' lang='lat' dir='ltr'>vere</span> <span class='ocrx_word' id='word_1_122' title='bbox 665 1300 689 1325; x_wconf 90' lang='lat' dir='ltr'>a</span> <span class='ocrx_word' id='word_1_123' title='bbox 710 1284 1079 1340; x_wconf 65' lang='lat' dir='ltr'>nobisjdisputata</span> <span class='ocrx_word' id='word_1_124' title='bbox 1099 1292 1213 1338; x_wconf 83' lang='lat' dir='ltr'>sunt,</span> <span class='ocrx_word' id='word_1_125' title='bbox 1248 1293 1406 1340; x_wconf 86' lang='lat' dir='ltr'>sponte</span> 
     </span>
     <span class='ocr_line' id='line_1_19' title="bbox 51 1341 1405 1397; baseline 0.001 -15"><span class='ocrx_word' id='word_1_126' title='bbox 51 1342 180 1383; x_wconf 87' lang='lat' dir='ltr'>etiam</span> <span class='ocrx_word' id='word_1_127' title='bbox 211 1341 504 1397; x_wconf 85' lang='lat' dir='ltr'>appariturum</span> <span class='ocrx_word' id='word_1_128' title='bbox 535 1356 629 1382; x_wconf 91' lang='lat' dir='ltr'>esse</span> <span class='ocrx_word' id='word_1_129' title='bbox 661 1341 977 1394; x_wconf 77' lang='lat' dir='ltr'>existimamus,</span> <span class='ocrx_word' id='word_1_130' title='bbox 1024 1341 1129 1396; x_wconf 80' lang='lat' dir='ltr'>quid</span> <span class='ocrx_word' id='word_1_131' title='bbox 1162 1342 1214 1383; x_wconf 87' lang='lat' dir='ltr'>de</span> <span class='ocrx_word' id='word_1_132' title='bbox 1247 1344 1405 1384; x_wconf 87' lang='lat' dir='ltr'>oratio-</span> 
     </span>
     <span class='ocr_line' id='line_1_20' title="bbox 50 1397 1405 1454; baseline 0.001 -15"><span class='ocrx_word' id='word_1_133' title='bbox 50 1399 117 1439; x_wconf 88' lang='lat' dir='ltr'>nis</span> <span class='ocrx_word' id='word_1_134' title='bbox 165 1397 417 1440; x_wconf 84' lang='lat' dir='ltr'>Socraticae</span> <span class='ocrx_word' id='word_1_135' title='bbox 468 1399 606 1439; x_wconf 85' lang='lat' dir='ltr'>forma</span> <span class='ocrx_word' id='word_1_136' title='bbox 665 1405 795 1452; x_wconf 83' lang='lat' dir='ltr'>atque</span> <span class='ocrx_word' id='word_1_137' title='bbox 855 1399 1169 1454; x_wconf 81' lang='lat' dir='ltr'>compositione</span> <span class='ocrx_word' id='word_1_138' title='bbox 1222 1399 1405 1441; x_wconf 87' lang='lat' dir='ltr'>iudicari</span> 
     </span>
     <span class='ocr_line' id='line_1_21' title="bbox 49 1454 1406 1510; baseline 0.001 -14"><span class='ocrx_word' id='word_1_139' title='bbox 49 1461 260 1510; x_wconf 82' lang='lat' dir='ltr'>oporteat.</span> <span class='ocrx_word' id='word_1_140' title='bbox 323 1454 497 1510; x_wconf 75' lang='lat' dir='ltr'>Quippe</span> <span class='ocrx_word' id='word_1_141' title='bbox 528 1454 816 1509; x_wconf 88' lang='lat' dir='ltr'>philosophus</span> <span class='ocrx_word' id='word_1_142' title='bbox 848 1455 950 1496; x_wconf 88' lang='lat' dir='ltr'>dum</span> <span class='ocrx_word' id='word_1_143' title='bbox 981 1456 1129 1496; x_wconf 80' lang='lat' dir='ltr'>retulit</span> <span class='ocrx_word' id='word_1_144' title='bbox 1167 1457 1406 1498; x_wconf 85' lang='lat' dir='ltr'>orationem</span> 
     </span>
     <span class='ocr_line' id='line_1_22' title="bbox 48 1511 1403 1568; baseline 0.001 -14"><span class='ocrx_word' id='word_1_145' title='bbox 48 1511 243 1554; x_wconf 87' lang='lat' dir='ltr'>Socratis</span> <span class='ocrx_word' id='word_1_146' title='bbox 289 1512 374 1564; x_wconf 89' lang='lat' dir='ltr'>sic,</span> <span class='ocrx_word' id='word_1_147' title='bbox 428 1519 475 1552; x_wconf 88' lang='lat' dir='ltr'>ut</span> <span class='ocrx_word' id='word_1_148' title='bbox 521 1526 658 1566; x_wconf 85' lang='lat' dir='ltr'>prope</span> <span class='ocrx_word' id='word_1_149' title='bbox 710 1513 851 1567; x_wconf 88' lang='lat' dir='ltr'>ipsum</span> <span class='ocrx_word' id='word_1_150' title='bbox 899 1512 1138 1568; x_wconf 84' lang='lat' dir='ltr'>sapientem</span> <span class='ocrx_word' id='word_1_151' title='bbox 1186 1513 1403 1562; x_wconf 72' lang='lat' dir='ltr'>dicentem</span> 
     </span>
     <span class='ocr_line' id='line_1_23' title="bbox 47 1568 1403 1625; baseline 0.002 -16"><span class='ocrx_word' id='word_1_152' title='bbox 47 1568 194 1610; x_wconf 82' lang='lat' dir='ltr'>audire</span> <span class='ocrx_word' id='word_1_153' title='bbox 224 1568 470 1621; x_wconf 87' lang='lat' dir='ltr'>videamur,</span> <span class='ocrx_word' id='word_1_154' title='bbox 503 1583 590 1609; x_wconf 89' lang='lat' dir='ltr'>una</span> <span class='ocrx_word' id='word_1_155' title='bbox 620 1568 857 1623; x_wconf 88' lang='lat' dir='ltr'>eademque</span> <span class='ocrx_word' id='word_1_156' title='bbox 889 1584 1020 1624; x_wconf 89' lang='lat' dir='ltr'>opera</span> <span class='ocrx_word' id='word_1_157' title='bbox 1053 1570 1181 1611; x_wconf 84' lang='lat' dir='ltr'>etiam</span> <span class='ocrx_word' id='word_1_158' title='bbox 1213 1571 1403 1625; x_wconf 84' lang='lat' dir='ltr'>speciem</span> 
     </span>
     <span class='ocr_line' id='line_1_24' title="bbox 48 1625 1404 1680; baseline 0.002 -14"><span class='ocrx_word' id='word_1_159' title='bbox 48 1625 264 1679; x_wconf 85' lang='lat' dir='ltr'>quandam</span> <span class='ocrx_word' id='word_1_160' title='bbox 305 1625 474 1666; x_wconf 85' lang='lat' dir='ltr'>effinxit</span> <span class='ocrx_word' id='word_1_161' title='bbox 505 1625 597 1667; x_wconf 85' lang='lat' dir='ltr'>eius</span> <span class='ocrx_word' id='word_1_162' title='bbox 629 1625 925 1679; x_wconf 81' lang='lat' dir='ltr'>eloquentiae,</span> <span class='ocrx_word' id='word_1_163' title='bbox 968 1642 1080 1680; x_wconf 88' lang='lat' dir='ltr'>quae</span> <span class='ocrx_word' id='word_1_164' title='bbox 1122 1626 1294 1668; x_wconf 88' lang='lat' dir='ltr'>homine</span> <span class='ocrx_word' id='word_1_165' title='bbox 1337 1644 1404 1669; x_wconf 83' lang='lat' dir='ltr'>sa-</span> 
     </span>
     <span class='ocr_line' id='line_1_25' title="bbox 47 1682 1404 1740; baseline 0.002 -18"><span class='ocrx_word' id='word_1_166' title='bbox 47 1682 236 1737; x_wconf 86' lang='lat' dir='ltr'>pientiae</span> <span class='ocrx_word' id='word_1_167' title='bbox 274 1682 470 1724; x_wconf 85' lang='lat' dir='ltr'>studioso</span> <span class='ocrx_word' id='word_1_168' title='bbox 509 1682 636 1723; x_wconf 88' lang='lat' dir='ltr'>unice</span> <span class='ocrx_word' id='word_1_169' title='bbox 680 1682 813 1738; x_wconf 86' lang='lat' dir='ltr'>digna</span> <span class='ocrx_word' id='word_1_170' title='bbox 854 1683 1086 1724; x_wconf 86' lang='lat' dir='ltr'>videretur.</span> <span class='ocrx_word' id='word_1_171' title='bbox 1150 1684 1277 1737; x_wconf 78' lang='lat' dir='ltr'>Quae</span> <span class='ocrx_word' id='word_1_172' title='bbox 1309 1686 1404 1740; x_wconf 91' lang='lat' dir='ltr'>qui-</span> 
     </span>
     <span class='ocr_line' id='line_1_26' title="bbox 48 1739 1403 1797; baseline 0.002 -17"><span class='ocrx_word' id='word_1_173' title='bbox 48 1739 145 1780; x_wconf 91' lang='lat' dir='ltr'>dem</span> <span class='ocrx_word' id='word_1_174' title='bbox 177 1740 317 1793; x_wconf 89' lang='lat' dir='ltr'>qualis</span> <span class='ocrx_word' id='word_1_175' title='bbox 349 1739 430 1792; x_wconf 87' lang='lat' dir='ltr'>sit,</span> <span class='ocrx_word' id='word_1_176' title='bbox 463 1739 609 1781; x_wconf 82' lang='lat' dir='ltr'>statim</span> <span class='ocrx_word' id='word_1_177' title='bbox 640 1739 683 1780; x_wconf 92' lang='lat' dir='ltr'>in</span> <span class='ocrx_word' id='word_1_178' title='bbox 715 1740 810 1795; x_wconf 88' lang='lat' dir='ltr'>ipso</span> <span class='ocrx_word' id='word_1_179' title='bbox 841 1740 976 1781; x_wconf 86' lang='lat' dir='ltr'>libelli</span> <span class='ocrx_word' id='word_1_180' title='bbox 1006 1741 1130 1782; x_wconf 85' lang='lat' dir='ltr'>initio</span> <span class='ocrx_word' id='word_1_181' title='bbox 1165 1742 1270 1783; x_wconf 88' lang='lat' dir='ltr'>satis</span> <span class='ocrx_word' id='word_1_182' title='bbox 1304 1758 1403 1797; x_wconf 89' lang='lat' dir='ltr'>per-</span> 
     </span>
     <span class='ocr_line' id='line_1_27' title="bbox 46 1796 1401 1852; baseline 0.001 -14"><span class='ocrx_word' id='word_1_183' title='bbox 46 1796 194 1852; x_wconf 81' lang='lat' dir='ltr'>spicue</span> <span class='ocrx_word' id='word_1_184' title='bbox 235 1796 519 1852; x_wconf 82' lang='lat' dir='ltr'>significatur.</span> <span class='ocrx_word' id='word_1_185' title='bbox 590 1799 850 1851; x_wconf 88' lang='lat' dir='ltr'>Arguuntur</span> <span class='ocrx_word' id='word_1_186' title='bbox 888 1798 999 1837; x_wconf 86' lang='lat' dir='ltr'>enim</span> <span class='ocrx_word' id='word_1_187' title='bbox 1047 1797 1106 1838; x_wconf 91' lang='lat' dir='ltr'>ibi</span> <span class='ocrx_word' id='word_1_188' title='bbox 1164 1798 1401 1840; x_wconf 80' lang='lat' dir='ltr'>adversarii</span> 
     </span>
     <span class='ocr_line' id='line_1_28' title="bbox 46 1852 1400 1910; baseline 0.001 -16"><span class='ocrx_word' id='word_1_189' title='bbox 46 1853 273 1906; x_wconf 84' lang='lat' dir='ltr'>vanitatis,</span> <span class='ocrx_word' id='word_1_190' title='bbox 323 1868 434 1907; x_wconf 90' lang='lat' dir='ltr'>quae</span> <span class='ocrx_word' id='word_1_191' title='bbox 486 1852 680 1893; x_wconf 87' lang='lat' dir='ltr'>veritatis</span> <span class='ocrx_word' id='word_1_192' title='bbox 732 1853 924 1894; x_wconf 87' lang='lat' dir='ltr'>rationes</span> <span class='ocrx_word' id='word_1_193' title='bbox 976 1854 1130 1895; x_wconf 86' lang='lat' dir='ltr'>callide</span> <span class='ocrx_word' id='word_1_194' title='bbox 1168 1862 1400 1910; x_wconf 80' lang='lat' dir='ltr'>pervertat.</span> 
     </span>
     <span class='ocr_line' id='line_1_29' title="bbox 47 1909 1402 1964; baseline 0.002 -14"><span class='ocrx_word' id='word_1_195' title='bbox 47 1910 272 1950; x_wconf 85' lang='lat' dir='ltr'>Tribuitur</span> <span class='ocrx_word' id='word_1_196' title='bbox 300 1909 384 1951; x_wconf 86' lang='lat' dir='ltr'>illis</span> <span class='ocrx_word' id='word_1_197' title='bbox 414 1924 545 1964; x_wconf 88' lang='lat' dir='ltr'>porro</span> <span class='ocrx_word' id='word_1_198' title='bbox 578 1909 716 1950; x_wconf 87' lang='lat' dir='ltr'>oratio</span> <span class='ocrx_word' id='word_1_199' title='bbox 748 1910 976 1951; x_wconf 83' lang='lat' dir='ltr'>verborum</span> <span class='ocrx_word' id='word_1_200' title='bbox 1008 1926 1057 1952; x_wconf 84' lang='lat' dir='ltr'>ac</span> <span class='ocrx_word' id='word_1_201' title='bbox 1090 1912 1402 1953; x_wconf 87' lang='lat' dir='ltr'>sententiarum</span> 
     </span>
     <span class='ocr_line' id='line_1_30' title="bbox 47 1965 1399 2022; baseline 0.003 -16"><span class='ocrx_word' id='word_1_202' title='bbox 47 1972 271 2008; x_wconf 83' lang='lat' dir='ltr'>venustate</span> <span class='ocrx_word' id='word_1_203' title='bbox 299 1965 531 2022; x_wconf 88' lang='lat' dir='ltr'>splendens</span> <span class='ocrx_word' id='word_1_204' title='bbox 563 1972 606 2007; x_wconf 86' lang='lat' dir='ltr'>et</span> <span class='ocrx_word' id='word_1_205' title='bbox 635 1966 828 2007; x_wconf 85' lang='lat' dir='ltr'>artificiis</span> <span class='ocrx_word' id='word_1_206' title='bbox 861 1968 1061 2010; x_wconf 86' lang='lat' dir='ltr'>oratoriis</span> <span class='ocrx_word' id='word_1_207' title='bbox 1092 1969 1399 2022; x_wconf 84' lang='lat' dir='ltr'>calamistrata,</span> 
     </span>
     <span class='ocr_line' id='line_1_31' title="bbox 48 2023 1400 2082; baseline 0.003 -19"><span class='ocrx_word' id='word_1_208' title='bbox 48 2038 158 2077; x_wconf 83' lang='lat' dir='ltr'>quae</span> <span class='ocrx_word' id='word_1_209' title='bbox 181 2029 327 2064; x_wconf 86' lang='lat' dir='ltr'>careat</span> <span class='ocrx_word' id='word_1_210' title='bbox 349 2023 636 2078; x_wconf 87' lang='lat' dir='ltr'>simplicitatis</span> <span class='ocrx_word' id='word_1_211' title='bbox 661 2023 1048 2066; x_wconf 85' lang='lat' dir='ltr'>commendatione.</span> <span class='ocrx_word' id='word_1_212' title='bbox 1075 2025 1280 2080; x_wconf 87' lang='lat' dir='ltr'>Denique</span> <span class='ocrx_word' id='word_1_213' title='bbox 1302 2042 1400 2082; x_wconf 91' lang='lat' dir='ltr'>pro-</span> 
     </span>
     <span class='ocr_line' id='line_1_32' title="bbox 45 2079 1399 2137; baseline 0.002 -17"><span class='ocrx_word' id='word_1_214' title='bbox 45 2080 187 2135; x_wconf 89' lang='lat' dir='ltr'>prium</span> <span class='ocrx_word' id='word_1_215' title='bbox 217 2079 270 2121; x_wconf 89' lang='lat' dir='ltr'>iis</span> <span class='ocrx_word' id='word_1_216' title='bbox 300 2080 546 2136; x_wconf 87' lang='lat' dir='ltr'>assignatur</span> <span class='ocrx_word' id='word_1_217' title='bbox 577 2095 715 2135; x_wconf 89' lang='lat' dir='ltr'>genus</span> <span class='ocrx_word' id='word_1_218' title='bbox 747 2079 921 2121; x_wconf 89' lang='lat' dir='ltr'>dicendi</span> <span class='ocrx_word' id='word_1_219' title='bbox 941 2081 1159 2136; x_wconf 89' lang='lat' dir='ltr'>iudiciale,</span> <span class='ocrx_word' id='word_1_220' title='bbox 1192 2098 1277 2137; x_wconf 87' lang='lat' dir='ltr'>quo</span> <span class='ocrx_word' id='word_1_221' title='bbox 1310 2090 1399 2124; x_wconf 88' lang='lat' dir='ltr'>tum</span> 
     </span>
     <span class='ocr_line' id='line_1_33' title="bbox 45 2137 1400 2195; baseline 0.003 -18"><span class='ocrx_word' id='word_1_222' title='bbox 45 2137 278 2179; x_wconf 84' lang='lat' dir='ltr'>utebantur</span> <span class='ocrx_word' id='word_1_223' title='bbox 306 2137 394 2178; x_wconf 89' lang='lat' dir='ltr'>fere</span> <span class='ocrx_word' id='word_1_224' title='bbox 426 2137 674 2192; x_wconf 83' lang='lat' dir='ltr'>litigantes,</span> <span class='ocrx_word' id='word_1_225' title='bbox 716 2143 766 2178; x_wconf 89' lang='lat' dir='ltr'>ut</span> <span class='ocrx_word' id='word_1_226' title='bbox 795 2137 856 2178; x_wconf 87' lang='lat' dir='ltr'>illi</span> <span class='ocrx_word' id='word_1_227' title='bbox 887 2137 1116 2180; x_wconf 85' lang='lat' dir='ltr'>videantur</span> <span class='ocrx_word' id='word_1_228' title='bbox 1146 2140 1272 2195; x_wconf 88' lang='lat' dir='ltr'>plane</span> <span class='ocrx_word' id='word_1_229' title='bbox 1305 2155 1400 2182; x_wconf 88' lang='lat' dir='ltr'>sese</span> 
     </span>
     <span class='ocr_line' id='line_1_34' title="bbox 47 2193 1399 2249; baseline 0.001 -14"><span class='ocrx_word' id='word_1_230' title='bbox 47 2193 342 2249; x_wconf 86' lang='lat' dir='ltr'>composuisse</span> <span class='ocrx_word' id='word_1_231' title='bbox 379 2193 434 2235; x_wconf 84' lang='lat' dir='ltr'>ad</span> <span class='ocrx_word' id='word_1_232' title='bbox 473 2209 570 2235; x_wconf 89' lang='lat' dir='ltr'>eum</span> <span class='ocrx_word' id='word_1_233' title='bbox 601 2209 788 2247; x_wconf 88' lang='lat' dir='ltr'>morem,</span> <span class='ocrx_word' id='word_1_234' title='bbox 829 2195 902 2248; x_wconf 86' lang='lat' dir='ltr'>qui</span> <span class='ocrx_word' id='word_1_235' title='bbox 942 2195 986 2235; x_wconf 92' lang='lat' dir='ltr'>in</span> <span class='ocrx_word' id='word_1_236' title='bbox 1020 2196 1190 2238; x_wconf 88' lang='lat' dir='ltr'>iudiciis</span> <span class='ocrx_word' id='word_1_237' title='bbox 1223 2203 1265 2238; x_wconf 83' lang='lat' dir='ltr'>et</span> <span class='ocrx_word' id='word_1_238' title='bbox 1297 2212 1399 2237; x_wconf 88' lang='lat' dir='ltr'>con-</span> 
     </span>
     <span class='ocr_line' id='line_1_35' title="bbox 46 2250 1400 2308; baseline 0.004 -19"><span class='ocrx_word' id='word_1_239' title='bbox 46 2250 248 2292; x_wconf 87' lang='lat' dir='ltr'>ventibus</span> <span class='ocrx_word' id='word_1_240' title='bbox 290 2250 474 2305; x_wconf 83' lang='lat' dir='ltr'>publicis</span> <span class='ocrx_word' id='word_1_241' title='bbox 513 2265 696 2306; x_wconf 86' lang='lat' dir='ltr'>regnare</span> <span class='ocrx_word' id='word_1_242' title='bbox 741 2258 970 2306; x_wconf 81' lang='lat' dir='ltr'>coeperat,</span> <span class='ocrx_word' id='word_1_243' title='bbox 1023 2268 1076 2293; x_wconf 88' lang='lat' dir='ltr'>ex</span> <span class='ocrx_word' id='word_1_244' title='bbox 1122 2269 1207 2308; x_wconf 86' lang='lat' dir='ltr'>quo</span> <span class='ocrx_word' id='word_1_245' title='bbox 1249 2253 1400 2296; x_wconf 84' lang='lat' dir='ltr'>Sicula</span> 
     </span>
     <span class='ocr_line' id='line_1_36' title="bbox 48 2306 1397 2365; baseline 0.005 -18"><span class='ocrx_word' id='word_1_246' title='bbox 48 2306 292 2360; x_wconf 86' lang='lat' dir='ltr'>eloquentia</span> <span class='ocrx_word' id='word_1_247' title='bbox 322 2307 508 2349; x_wconf 89' lang='lat' dir='ltr'>Athenis</span> <span class='ocrx_word' id='word_1_248' title='bbox 553 2307 607 2348; x_wconf 90' lang='lat' dir='ltr'>ad</span> <span class='ocrx_word' id='word_1_249' title='bbox 639 2323 849 2349; x_wconf 88' lang='lat' dir='ltr'>summum</span> <span class='ocrx_word' id='word_1_250' title='bbox 879 2308 1083 2350; x_wconf 83' lang='lat' dir='ltr'>honorem</span> <span class='ocrx_word' id='word_1_251' title='bbox 1114 2310 1397 2365; x_wconf 85' lang='lat' dir='ltr'>pervenisset.</span> 
     </span>
     <span class='ocr_line' id='line_1_37' title="bbox 47 2362 1400 2420; baseline 0.003 -16"><span class='ocrx_word' id='word_1_252' title='bbox 47 2362 170 2404; x_wconf 85' lang='lat' dir='ltr'>Haec</span> <span class='ocrx_word' id='word_1_253' title='bbox 201 2364 343 2404; x_wconf 79' lang='lat' dir='ltr'>omnia</span> <span class='ocrx_word' id='word_1_254' title='bbox 385 2380 488 2406; x_wconf 84' lang='lat' dir='ltr'>vero</span> <span class='ocrx_word' id='word_1_255' title='bbox 519 2363 725 2406; x_wconf 84' lang='lat' dir='ltr'>Socrates</span> <span class='ocrx_word' id='word_1_256' title='bbox 764 2365 877 2406; x_wconf 86' lang='lat' dir='ltr'>ultro</span> <span class='ocrx_word' id='word_1_257' title='bbox 909 2366 1138 2420; x_wconf 82' lang='lat' dir='ltr'>profitetur</span> <span class='ocrx_word' id='word_1_258' title='bbox 1170 2367 1251 2408; x_wconf 81' lang='lat' dir='ltr'>sibi</span> <span class='ocrx_word' id='word_1_259' title='bbox 1282 2367 1400 2408; x_wconf 88' lang='lat' dir='ltr'>nulla</span> 
     </span>
     <span class='ocr_line' id='line_1_38' title="bbox 47 2420 1398 2477; baseline 0.004 -17"><span class='ocrx_word' id='word_1_260' title='bbox 47 2435 100 2461; x_wconf 77' lang='lat' dir='ltr'>ex</span> <span class='ocrx_word' id='word_1_261' title='bbox 131 2426 251 2475; x_wconf 86' lang='lat' dir='ltr'>parte</span> <span class='ocrx_word' id='word_1_262' title='bbox 270 2421 458 2476; x_wconf 87' lang='lat' dir='ltr'>probari.</span> <span class='ocrx_word' id='word_1_263' title='bbox 501 2420 720 2473; x_wconf 78' lang='lat' dir='ltr'>Quocirca</span> <span class='ocrx_word' id='word_1_264' title='bbox 739 2423 1015 2463; x_wconf 69' lang='lat' dir='ltr'>manifestum</span> <span class='ocrx_word' id='word_1_265' title='bbox 1035 2430 1113 2477; x_wconf 81' lang='lat' dir='ltr'>est,</span> <span class='ocrx_word' id='word_1_266' title='bbox 1148 2424 1398 2466; x_wconf 80' lang='lat' dir='ltr'>Socraticae</span> 
     </span>
     <span class='ocr_line' id='line_1_39' title="bbox 48 2477 1397 2535; baseline 0.004 -18"><span class='ocrx_word' id='word_1_267' title='bbox 48 2477 253 2518; x_wconf 88' lang='lat' dir='ltr'>orationis</span> <span class='ocrx_word' id='word_1_268' title='bbox 285 2477 485 2518; x_wconf 82' lang='lat' dir='ltr'>virtutem</span> <span class='ocrx_word' id='word_1_269' title='bbox 514 2478 558 2518; x_wconf 88' lang='lat' dir='ltr'>in</span> <span class='ocrx_word' id='word_1_270' title='bbox 591 2493 641 2518; x_wconf 90' lang='lat' dir='ltr'>eo</span> <span class='ocrx_word' id='word_1_271' title='bbox 674 2478 768 2533; x_wconf 91' lang='lat' dir='ltr'>ipso</span> <span class='ocrx_word' id='word_1_272' title='bbox 788 2479 973 2533; x_wconf 84' lang='lat' dir='ltr'>positam</span> <span class='ocrx_word' id='word_1_273' title='bbox 994 2495 1104 2533; x_wconf 89' lang='lat' dir='ltr'>esse,</span> <span class='ocrx_word' id='word_1_274' title='bbox 1136 2487 1184 2521; x_wconf 90' lang='lat' dir='ltr'>ut</span> <span class='ocrx_word' id='word_1_275' title='bbox 1212 2482 1397 2535; x_wconf 87' lang='lat' dir='ltr'>primum</span> 
     </span>
     <span class='ocr_line' id='line_1_40' title="bbox 48 2533 1399 2589; baseline 0.004 -15"><span class='ocrx_word' id='word_1_276' title='bbox 48 2533 221 2588; x_wconf 86' lang='lat' dir='ltr'>quidem</span> <span class='ocrx_word' id='word_1_277' title='bbox 252 2535 397 2589; x_wconf 91' lang='lat' dir='ltr'>specie</span> <span class='ocrx_word' id='word_1_278' title='bbox 418 2534 487 2575; x_wconf 86' lang='lat' dir='ltr'>vel</span> <span class='ocrx_word' id='word_1_279' title='bbox 505 2534 652 2589; x_wconf 86' lang='lat' dir='ltr'>potius</span> <span class='ocrx_word' id='word_1_280' title='bbox 675 2535 825 2576; x_wconf 84' lang='lat' dir='ltr'>fraude</span> <span class='ocrx_word' id='word_1_281' title='bbox 852 2536 1040 2577; x_wconf 86' lang='lat' dir='ltr'>oratoria</span> <span class='ocrx_word' id='word_1_282' title='bbox 1060 2544 1227 2579; x_wconf 89' lang='lat' dir='ltr'>remota</span> <span class='ocrx_word' id='word_1_283' title='bbox 1256 2538 1399 2579; x_wconf 88' lang='lat' dir='ltr'>omnia</span> 
     </span>
     <span class='ocr_line' id='line_1_41' title="bbox 46 2590 1397 2648; baseline 0.004 -18"><span class='ocrx_word' id='word_1_284' title='bbox 46 2591 294 2632; x_wconf 85' lang='lat' dir='ltr'>tribuantur</span> <span class='ocrx_word' id='word_1_285' title='bbox 335 2590 478 2633; x_wconf 89' lang='lat' dir='ltr'>studio</span> <span class='ocrx_word' id='word_1_286' title='bbox 517 2591 735 2641; x_wconf 80' lang='lat' dir='ltr'>veritatis3</span> <span class='ocrx_word' id='word_1_287' title='bbox 789 2592 942 2633; x_wconf 80' lang='lat' dir='ltr'>deinde.</span> <span class='ocrx_word' id='word_1_288' title='bbox 987 2594 1145 2648; x_wconf 87' lang='lat' dir='ltr'>spretis</span> <span class='ocrx_word' id='word_1_289' title='bbox 1190 2594 1397 2637; x_wconf 87' lang='lat' dir='ltr'>orationis</span> 
     </span>
     <span class='ocr_line' id='line_1_42' title="bbox 47 2647 1394 2704; baseline 0.004 -17"><span class='ocrx_word' id='word_1_290' title='bbox 47 2648 310 2689; x_wconf 85' lang='lat' dir='ltr'>ornamentis</span> <span class='ocrx_word' id='word_1_291' title='bbox 360 2648 533 2689; x_wconf 81' lang='lat' dir='ltr'>nativae</span> <span class='ocrx_word' id='word_1_292' title='bbox 581 2647 754 2688; x_wconf 87' lang='lat' dir='ltr'>dicendi</span> <span class='ocrx_word' id='word_1_293' title='bbox 803 2649 1069 2704; x_wconf 85' lang='lat' dir='ltr'>simplicitati</span> <span class='ocrx_word' id='word_1_294' title='bbox 1117 2650 1239 2692; x_wconf 88' lang='lat' dir='ltr'>locus</span> <span class='ocrx_word' id='word_1_295' title='bbox 1290 2666 1394 2693; x_wconf 90' lang='lat' dir='ltr'>suus</span> 
     </span>
     <span class='ocr_line' id='line_1_43' title="bbox 48 2704 1394 2763; baseline 0.004 -19"><span class='ocrx_word' id='word_1_296' title='bbox 48 2704 333 2754; x_wconf 74' lang='lat' dir='ltr'>concedatur3</span> <span class='ocrx_word' id='word_1_297' title='bbox 376 2704 562 2759; x_wconf 85' lang='lat' dir='ltr'>denique</span> <span class='ocrx_word' id='word_1_298' title='bbox 602 2719 679 2759; x_wconf 90' lang='lat' dir='ltr'>pro</span> <span class='ocrx_word' id='word_1_299' title='bbox 719 2704 909 2746; x_wconf 84' lang='lat' dir='ltr'>iudiciali</span> <span class='ocrx_word' id='word_1_300' title='bbox 950 2705 1120 2747; x_wconf 81' lang='lat' dir='ltr'>dicendi</span> <span class='ocrx_word' id='word_1_301' title='bbox 1160 2723 1318 2763; x_wconf 87' lang='lat' dir='ltr'>genere</span> <span class='ocrx_word' id='word_1_302' title='bbox 1358 2708 1394 2750; x_wconf 90' lang='lat' dir='ltr'>is</span> 
     </span>
     <span class='ocr_line' id='line_1_44' title="bbox 49 2759 1394 2816; baseline 0.005 -16"><span class='ocrx_word' id='word_1_303' title='bbox 49 2774 185 2802; x_wconf 88' lang='lat' dir='ltr'>sermo</span> <span class='ocrx_word' id='word_1_304' title='bbox 217 2761 487 2815; x_wconf 82' lang='lat' dir='ltr'>adhibeatur,</span> <span class='ocrx_word' id='word_1_305' title='bbox 522 2761 595 2816; x_wconf 89' lang='lat' dir='ltr'>qui</span> <span class='ocrx_word' id='word_1_306' title='bbox 628 2759 868 2803; x_wconf 84' lang='lat' dir='ltr'>disserendi</span> <span class='ocrx_word' id='word_1_307' title='bbox 891 2769 933 2803; x_wconf 89' lang='lat' dir='ltr'>et</span> <span class='ocrx_word' id='word_1_308' title='bbox 955 2764 1261 2806; x_wconf 83' lang='lat' dir='ltr'>confabulandi</span> <span class='ocrx_word' id='word_1_309' title='bbox 1292 2780 1394 2807; x_wconf 90' lang='lat' dir='ltr'>con-</span> 
     </span>
    </p>
   </div>
  </div>
 </body>
</html>
