1644 3039
4 2919 5 2928 ⁴
2 2864 3 2869 Α
0 2821 5 2847 »0-
0 1325 10 2804 w<mmmvmfflss
0 957 9 1317 „xa—<0-mns—ss--u0—„m
7 925 11 942 ,,
2 869 10 891 ,2

493 182 587 223 AD
631 180 1036 222 CRITONEM.
1360 182 1435 221 191

90 296 190 336 sius
254 295 306 336 N·
299 312 365 336 ·ιιιι
390 295 456 337 vel
488 311 540 335 vx
560 295 623 336 his
649 295 768 346 sitis,
803 296 971 349 opinor,
1001 301 1194 350 apparet,
1227 303 1365 334 totum
1391 294 1437 334 il—

89 350 175 393 lum
205 351 346 393 locum
380 367 615 406 &nequam
643 354 705 391 ita
735 358 1030 405 comparatum
1063 367 1104 392 e
1101 364 1185 401 se,
1226 358 1274 391 ut
1314 352 1437 415 quasi

89 408 315 450 inteliores
358 409 549 464 pectmis
598 422 773 459 sensuS,
825 423 933 461 quos
981 409 1046 449 vir
1094 407 1438 464 sapientissimus

88 464 296 507 adve1sus
345 465 529 522 patriam
569 465 747 518 eiusque
785 463 903 520 lewes
942 472 983 506 et
1025 465 1226 507 instituta
1267 464 1438 518 foxexit,

89 522 262 577 penitus
293 522 514 565 recludeie
550 521 756 563 videatur

201 581 349 633 Atque
379 579 447 621 his
479 578 651 633 quidem
680 579 740 619 ita
762 577 991 633 disputatis
1023 595 1107 620 non
1141 579 1224 619 iam
1256 578 1438 633 amplius

90 635 319 677 obscurum
369 636 460 677 fore
498 644 726 692 putamus,
777 634 841 675 Pl
834 644 1004 677 itonem
1055 636 1206 691 utique
1245 634 1440 677 Socratis

89 691 320 749 imaginem
363 708 452 734 eam
496 692 744 734 adumbrat
735 706 844 745 isse,
892 708 1001 746 quae
1031 693 1134 734 licet
1163 692 1322 733 habeat
1353 691 1440 733 sin-

89 730 202 803 gula
221 749 432 804 quaedam
462 750 721 791 lineamenta
760 749 812 790 ab
853 749 1019 791 artifice
1049 750 1194 805 potius
1227 764 1354 802 quam
1386 749 1438 789 ab

87 805 202 847 illius
231 821 417 862 persona
446 807 666 862 protecta,
706 812 849 847 tamen
888 807 1061 848 omnino
1100 805 1154 847 ad
1191 807 1337 847 vivum
1368 820 1440 846 cx-

89 877 240 926 pressa
271 862 456 905 dicenda
485 863 554 905 sit.
617 862 716 916 Quo
748 862 888 904 minus
919 870 1034 905 certe
1062 863 1251 904 dubitari
1282 863 1442 918 poterit

90 935 194 974 qum
243 935 375 976 supra
417 935 516 962 vere
568 919 620 962 de
675 919 857 961 consilio
904 919 1263 967 iudicavelimus,
1325 918 1442 974 quod

90 976 215 1018 Plato
257 977 300 1017 in
338 977 421 1018 hoc
469 977 616 1019 libello
658 976 814 1018 litteris
851 977 1068 1018 exarando
1106 983 1316 1042 sequutus
1373 975 1440 1018 sit.

89 1035 289 1089 Apparet
317 1033 429 1074 enim
460 1033 694 1075 clarissime
726 1034 996 1089 propositum
1039 1034 1122 1090 ipsi
1162 1033 1244 1074 hoc
1291 1032 1440 1098 fuisse,

88 1095 150 1143 ut,
183 1104 270 1144 quo
299 1090 438 1147 magis
471 1091 669 1132 omnibus
700 1097 872 1155 pateret
902 1106 1115 1144 quaenam
1146 1090 1291 1132 officia
1318 1089 1441 1131 iusti-

89 1146 176 1187 tiae
207 1153 250 1187 et
277 1126 452 1203 pietatis
485 1147 723 1189 secundum
753 1147 992 1202 sapientiae
1016 1154 1248 1203 praecepta
1277 1147 1442 1203 patriae

89 1209 219 1267 atque
246 1203 418 1260 legibus
449 1203 634 1259 publicis
665 1203 937 1257 deberentur
970 1203 1194 1247 Socratem
1225 1210 1274 1245 ut
1305 1218 1443 1245 civem

90 1260 250 1302 iustum
280 1276 485 1324 piumque
523 1266 744 1315 tamquam
773 1261 959 1318 imagine
991 1260 1179 1315 quadam
1219 1260 1273 1302 ad
1304 1261 1442 1315 ipsius

91 1317 202 1358 vitae
231 1317 455 1359 veritatem
490 1317 744 1359 adumbrata
774 1333 884 1373 rep1
875 1325 1139 1372 tesentaret,
1182 1318 1256 1372 qui
1291 1317 1360 1359 vel
1391 1333 1442 1360 eo

90 1380 296 1438 tempore,
328 1390 414 1429 quo
444 1374 604 1416 iniusto
635 1373 795 1416 iudicio
828 1376 981 1416 fuisset
994 1374 1336 1439 condemnatus,
1367 1390 1443 1430 pa-

90 1431 184 1472 triis
220 1430 391 1486 legibus
421 1430 494 1472 fid·
487 1447 553 1472 ·ιιιι
596 1430 886 1473 obedientiam
919 1432 1090 1487 ipsique
1131 1432 1296 1488 pamiae
1328 1432 1443 1487 piam

87 1493 369 1542 sanctamque
417 1488 702 1529 reverentiam
750 1489 1038 1553 pra-estiterit,
1097 1495 1252 1544 utpote
1302 1488 1442 1543 reple-

89 1550 160 1585 tus
212 1544 418 1586 interiore
471 1544 657 1598 quadam
708 1545 838 1586 ammi
887 1544 939 1586 de
993 1546 1108 1587 iusto
1166 1552 1209 1587 et
1258 1545 1441 1587 honesto

91 1601 367 1665 persuasione
396 1617 493 1643 cum
521 1602 595 1657 pia
627 1601 797 1643 divinae
830 1602 1066 1644 voluntatis
1097 1618 1176 1658 spe
1208 1609 1251 1643 et
1281 1601 1442 1644 fiducia

89 1657 334 1700 coniuncta.
402 1658 517 1700 Nam
565 1659 648 1700 hoc
699 1659 841 1714 ipsum
882 1674 1053 1713 quoque
1103 1659 1333 1715 diligenter
1377 1665 1442 1701 est

89 1714 547 1779 animadvertendum,
587 1731 684 1757 cum
725 1715 915 1757 iustitiae
951 1723 994 1757 et
1023 1716 1264 1758 honestatis
1297 1715 1440 1757 studio

90 1771 135 1812 in
161 1770 258 1826 ipso
291 1773 565 1813 coniunctam
606 1773 724 1813 ceini
766 1772 892 1813 etiam
922 1772 1184 1828 singul-irem
1224 1771 1441 1827 quandam

90 1827 313 1884 religionis
343 1829 572 1884 pietatem,
614 1844 701 1883 qua
740 1844 825 1870 una
856 1830 1037 1871 maxime
1069 1836 1237 1871 erectus
1278 1845 1327 1871 ac
1369 1845 1441 1871 su-

90 1890 302 1927 stentatus
349 1885 567 1941 piaesenti
618 1887 792 1928 fortuna
840 1901 918 1927 sua
957 1886 1080 1928 fortis
1119 1886 1360 1941 acquiescit
1397 1893 1442 1928 et

92 1942 289 1996 quamvis
318 1948 454 1983 morte
484 1942 674 1984 instante
704 1950 846 1984 tamen
874 1944 1018 1984 futura
1046 1943 1183 1985 laetus
1214 1943 1441 1998 fidensque

90 2005 329 2053 exspectat.
389 1998 668 2055 Quapropter
704 1999 748 2041 in
788 1998 965 2041 Critone
1004 2000 1131 2056 plane
1171 2001 1265 2057 ipso
1309 2015 1440 2056 opere

91 2054 308 2109 declarat,
349 2055 468 2110 quod
509 2056 634 2098 Plato
674 2072 772 2098 eum
811 2056 855 2098 in
886 2055 1053 2112 Gorgia
1084 2074 1124 2113 p.
1157 2060 1255 2100 519.
1289 2057 1342 2099 Ε.
1376 2056 1441 2098 di-

91 2117 259 2154 centem
288 2113 412 2154 fecit:
472 2113 588 2166 „Vir
617 2129 768 2155 revera
798 2113 949 2167 fortis,
982 2114 1188 2168 quamdiu
1218 2115 1337 2168 vivit,
1370 2128 1438 2156 res

92 2182 192 2210 suas
231 2168 313 2211 diis
353 2170 606 2223 committit,
650 2177 779 2226 atque
822 2170 866 2212 id
897 2177 1065 2212 tantum
1096 2177 1291 2226 spectat,
1333 2186 1439 2225 quo-

93 2223 222 2266 modo
261 2225 520 2268 destinatum
561 2227 643 2269 sibi
682 2228 771 2269 fato
802 2227 978 2270 vivendi
1007 2240 1177 2284 tempus
1207 2240 1404 2284 palagat,
1411 2229 1440 2250 “

94 2286 222 2335 atque
253 2281 379 2323 simul
409 2283 636 2325 confirmat
666 2284 890 2327 veritatem
921 2300 1090 2338 eorum,
1125 2300 1235 2339 quae
1266 2284 1441 2341 scripsit

92 2337 341 2395 Xenoph.
379 2339 513 2381 Mem.
554 2340 635 2382 IV.
678 2343 727 2395 4,
763 2344 798 2385 l.
838 2341 948 2409 άῇλά
986 2357 1072 2397 μην
1112 2345 1182 2383 καὶ
1222 2358 1320 2397 πευι
1359 2358 1436 2383 του

93 2398 266 2437 δικαίου
305 2412 352 2450 γε
393 2397 472 2438 οὐκ
511 2397 809 2453 ἀπεκρύπτετο
847 2397 903 2450 ὴν
940 2398 1023 2453 εἶχε
1068 2396 1437 2451 2¹¹1c15117221,c}77c'e

94 2467 167 2493 και
222 2454 313 2505 ἔρ)
299 2469 331 2493 ω
382 2451 680 2496 ἀπεδείκνυτο.
760 2454 926 2512 Sponte
976 2461 1120 2497 autem
1166 2455 1437 2511 intelligitur,

92 2507 173 2550 hac
220 2509 316 2565 ipsa
366 2510 533 2575 ratione
593 2510 819 2554 Platonem
876 2512 1002 2554 simul
1059 2513 1187 2553 etiam
1245 2510 1438 2554 Socratis

93 2565 270 2620 eiusque
322 2566 557 2609 amicorum
606 2568 816 2610 1ati0nem
864 2583 914 2610 ac
961 2567 1235 2623 disciplinam
1283 2584 1307 2610 a
1357 2568 1439 2610 cri-

92 2621 400 2666 minationibus
430 2639 578 2666 eorum
608 2623 865 2679 defendisse,
899 2625 972 2680 qui
1009 2640 1101 2666 eam
1130 2631 1348 2680 tamquam
1378 2625 1439 2667 ci-

91 2677 216 2720 vitati
254 2680 540 2735 perniciosam
589 2680 634 2722 in
664 2681 901 2724 ‘hominum
950 2681 1156 2723 invidiam
1202 2681 1438 2738 perducere

91 2734 379 2791 studuissent,
409 2738 660 2793 praesertim
691 2753 822 2793 quum
852 2739 910 2781 ita
941 2738 1199 2792 instituerit,
1233 2746 1279 2781 ut
1310 2739 1438 2784 etiam
