1644 3039
287 163 326 205 L

291 275 496 330 proximis
530 275 722 315 Platonis
763 275 934 329 scriptis
964 275 1318 316 artificiosissime
1354 291 1448 316 cum
1480 275 1629 331 dispu-

290 331 527 373 tationibus
560 330 613 372 de
644 329 862 386 Sophiste.
891 332 1000 373 Viro
1024 330 1153 372 Civili
1185 338 1227 372 et
1257 331 1522 388 Philosopho
1555 332 1630 373 ad-

290 387 428 429 hibita
469 388 598 429 etiam
642 386 881 430 disserendi
922 388 1089 429 ratione
1120 388 1344 444 Megarica
1383 390 1556 431 iunctae
1587 396 1631 430 et

287 444 560 487 consociatae
591 451 706 486 sunt.
764 444 981 487 Nimirum
1012 444 1216 486 credibile
1255 451 1319 487 est
1348 460 1450 487 sane
1483 446 1631 487 Plato-

286 516 409 554 nem,
443 516 573 555 quum
612 502 796 556 primum
836 502 1026 543 venisset
1057 500 1110 542 ad
1142 501 1302 543 amicos
1330 501 1628 559 Megarenses,

286 558 478 614 graviter
505 557 640 599 fuisse
671 574 817 600 eorum
848 558 1117 600 sermonibus
1148 557 1436 611 admonitum,
1466 565 1516 600 ut
1542 574 1630 601 non

287 614 416 655 modo
460 613 512 655 de
550 615 787 657 rationibus
828 622 870 656 et
907 615 1071 657 caussis
1111 615 1317 656 scientiae
1347 615 1630 656 meditaretur

287 670 508 724 subtilius,
539 687 686 713 verum
725 672 850 713 etiam
891 671 943 713 de
975 672 1145 713 eristica
1176 671 1415 713 disserendi
1447 672 1628 726 ratione,

288 742 398 782 quae
448 729 629 769 maxime
676 729 884 770 varietate
944 728 1273 783 significationis
1319 729 1628 771 vocabulorum

284 784 513 837 niteretur,
547 792 774 839 quaereret
814 785 1070 827 accuratius.
1133 784 1264 838 Quod
1293 785 1435 840 ipsum
1464 786 1510 827 in
1540 785 1628 827 Eu-

283 840 489 897 thydemo
529 848 572 882 et
609 842 653 883 in
684 841 862 898 Cratylo
901 842 1016 883 fecit.
1077 842 1127 882 In
1166 841 1239 883 illo
1282 842 1393 883 enim
1434 843 1628 884 eristices

284 897 547 953 sophisticae
576 899 754 953 eiusque
773 900 954 940 maxime
966 899 1258 955 Protagoreae
1279 898 1508 954 imaginem
1530 914 1628 954 per-

285 969 413 1008 quam
444 954 582 996 facete
612 962 654 996 et
683 955 864 997 ridicule
894 954 948 995 ad
969 955 1113 996 vivum
1136 954 1399 1011 descriptam
1430 955 1627 997 exhibuit

284 1018 413 1065 atque
457 1010 671 1053 luculente
703 1013 829 1053 simul
861 1012 1009 1054 docuit
1038 1028 1182 1053 veram
1214 1012 1267 1053 ad
1299 1012 1555 1067 sapientiam
1586 1019 1629 1054 et-

283 1067 486 1108 virtutem
515 1068 827 1110 institutionem
866 1069 1116 1123 neutiquam
1146 1069 1188 1110 in
1219 1068 1374 1110 callido
1405 1075 1627 1110 acutarum

283 1124 729 1166 conclusiuncularum
777 1125 1086 1167 nectendarum
1134 1125 1316 1167 artificio
1353 1126 1535 1167 maxime
1574 1141 1627 1167 ex

281 1181 511 1222 verborum
563 1182 844 1238 ambiguitate
894 1182 1078 1237 repetito
1118 1189 1367 1223 contentam
1413 1197 1507 1224 esse
1549 1182 1627 1223 sed

282 1252 383 1278 vera
423 1237 589 1279 absolvi
640 1238 940 1294 philosophia,
995 1253 1106 1292 quae
1149 1239 1192 1279 in
1236 1239 1518 1280 scientiae
1557 1239 1626 1281 vel

280 1292 471 1335 idearum
504 1296 786 1349 acquisitione
818 1307 1032 1347 cernatur,
1066 1310 1261 1350 quaeque
1292 1310 1379 1336 una
1408 1311 1504 1337 cum
1533 1296 1620 1337 veri

281 1351 530 1406 cognitione
561 1352 685 1393 etiam
717 1361 882 1394 rectum
913 1367 1053 1393 rerum
1090 1367 1215 1392 usum
1255 1351 1430 1406 afferat,
1462 1358 1511 1394 ut
1539 1368 1626 1393 una

280 1413 409 1460 atque
441 1407 533 1449 sola
562 1424 640 1464 pro
680 1424 781 1450 vera
811 1416 900 1450 arte
931 1409 1051 1464 regia
1081 1407 1280 1450 ducenda
1309 1410 1376 1450 sit.
1435 1408 1487 1450 In
1518 1407 1625 1451 Cra-

278 1464 369 1519 tylo
400 1470 541 1505 autem
579 1465 682 1506 item
721 1465 946 1522 proposuit
974 1465 1202 1520 imaginem
1236 1472 1278 1505 et
1308 1465 1522 1519 picturam
1553 1480 1624 1507 so-

277 1520 565 1575 phisticorum
597 1522 883 1578 etymologiae
915 1521 1179 1575 studiorum,
1214 1522 1407 1563 eristices
1447 1522 1623 1579 imagini

277 1578 320 1617 in
351 1576 629 1634 Euthydemo
659 1580 908 1635 propositae
945 1577 1053 1619 adeo
1085 1585 1312 1634 cognatam
1345 1585 1474 1633 atque
1505 1579 1622 1620 simi-

276 1633 381 1686 lem,
414 1641 463 1675 ut.
502 1635 628 1676 facile
675 1643 881 1692 appareat
918 1641 1147 1689 utrumque
1188 1634 1409 1691 dialogum
1441 1637 1622 1677 arctiore

277 1690 462 1744 quadam
503 1692 823 1734 necessitudine
854 1692 1077 1734 contineri.
1136 1691 1353 1733 Nimirum
1382 1693 1550 1734 taxavit
1577 1693 1622 1733 in

276 1746 359 1788 hoc
389 1747 498 1789 libro
529 1748 813 1804 philosophus
853 1747 1138 1805 etymologiae
1176 1747 1321 1790 studia
1350 1749 1433 1796 sic,
1465 1754 1514 1790 ut
1543 1764 1621 1790 no-

275 1803 391 1844 mina
421 1804 581 1860 pariter
611 1812 740 1860 atque
772 1821 840 1848 res
873 1806 989 1861 ipsas
1010 1805 1065 1845 ad
1084 1804 1219 1858 ideas,
1242 1805 1398 1859 quibus
1426 1805 1622 1847 subiecta

277 1860 386 1914 sint,
420 1862 571 1903 referri
610 1868 808 1918 oportere
849 1861 1124 1915 ostendatur,
1166 1868 1215 1902 ut
1254 1877 1306 1902 ex
1343 1861 1410 1903 his
1450 1861 1619 1903 demum

274 1917 467 1959 veritatis
515 1918 695 1959 scientia
744 1928 787 1960 et
830 1919 1020 1975 cognitio
1068 1917 1384 1973 proficiscatur.
1465 1918 1622 1973 Itaque

274 1979 457 2028 uterque
493 1974 602 2016 liber
641 1990 689 2016 eo
728 1974 902 2016 videtur
929 1975 1168 2029 pertinere,
1201 1981 1250 2015 ut
1278 1974 1618 2032 perstringendis

274 2030 440 2072 artibus
482 2030 715 2086 quaerendi
756 2030 1082 2085 disserendique
1120 2030 1393 2086 sophisticis,
1435 2032 1618 2073 maxime

274 2087 580 2142 Protagoreis,
615 2088 739 2142 quasi
779 2088 952 2143 oblique
990 2093 1196 2143 tangatur
1234 2088 1361 2129 etiam
1401 2103 1452 2129 ea
1481 2087 1618 2130 disse-

273 2143 396 2185 rendi
425 2144 562 2197 ratio,
597 2160 724 2199 quam
766 2159 870 2186 usur
903 2144 1036 2186 abant
1066 2144 1305 2200 Megarici,
1343 2150 1495 2200 utpote
1531 2145 1618 2187 illis

274 2215 324 2242 eo
353 2201 536 2242 maxime
567 2201 739 2255 similis,
773 2161 899 2257 quod)
916 2201 1011 2256 ipsa
1042 2215 1215 2255 quoque
1245 2200 1422 2243 callidas
1452 2202 1616 2243 ratiun-

273 2257 393 2300 culas
423 2271 523 2299 suas
555 2265 820 2315 argutasque
846 2257 1148 2300 conclusiones
1167 2257 1375 2314 imprimis
1407 2273 1459 2300 ex
1486 2273 1616 2300 voca-

271 2313 469 2356 bulorum
498 2315 629 2357 variis
674 2314 1067 2371 significationibus
1107 2320 1237 2367 atque
1275 2314 1503 2370 multiplici
1534 2315 1615 2356 lin-

269 2384 376 2426 guae
414 2385 497 2412 usu
535 2371 769 2428 repetebat.
828 2370 903 2413 Ad
939 2370 1045 2412 haec
1076 2377 1220 2413 autem
1266 2371 1456 2422 accedit,
1497 2371 1615 2426 quod

269 2427 552 2484 philosophus
592 2429 635 2469 in
676 2427 743 2470 his
782 2427 1051 2470 sermonibus
1095 2428 1279 2483 primum
1319 2427 1370 2469 de
1409 2427 1519 2470 ideis
1551 2429 1614 2470 sic

270 2484 477 2538 loquitur,
497 2491 546 2526 ut
574 2485 626 2527 iis
650 2501 701 2527 ex
726 2485 941 2527 sententia
960 2484 1285 2539 Megaricorum
1307 2484 1436 2525 etiam
1457 2485 1613 2526 οὐσίαν

270 2541 528 2595 attribuerit,
562 2541 615 2583 de
648 2557 734 2596 qua
762 2557 808 2583 re
838 2540 1156 2597 v.Euthydem.
1187 2557 1228 2596 p.
1255 2542 1350 2583 301.
1383 2541 1479 2582 coll.
1503 2541 1611 2582 Pro-

267 2595 382 2653 legg.
412 2598 572 2639 nostris
603 2597 658 2639 ad
687 2597 877 2654 Euthyd.
908 2614 949 2654 p.
979 2600 1047 2638 41.
1080 2611 1122 2640 et
1155 2596 1320 2653 Cratyl.
1350 2612 1393 2652 p.
1424 2599 1520 2639 439.
1553 2598 1609 2639 D.

268 2652 415 2707 ibique
446 2661 721 2696 commentar.
742 2664 928 2696 nostros.
987 2654 1143 2710 Itaque
1166 2654 1519 2695 verisimillimum
1542 2662 1610 2695 est

268 2723 373 2751 sane
402 2710 480 2752 hos
513 2711 709 2768 dialogos
743 2711 794 2752 ab
821 2725 871 2752 eo
896 2711 1082 2766 scriptos
1102 2725 1195 2752 esse
1225 2710 1350 2752 initio
1381 2711 1470 2752 fere
1501 2717 1606 2752 tem-
