1644 3039
228 219 558 262 APOLOG-[A
601 216 918 260 SOCRATIS.

961 218 1008 259 P.
1047 223 1108 260 19.
1143 218 1205 259 St.
1339 220 1389 258 ‹35›

46 336 215 390 πολλὴν
236 340 459 397 φλυαρίαν
483 337 786 394 (ρλυαροῦντα,
820 330 881 377 ὧν
908 335 986 390 ἐγώ
1009 335 1137 378 οὐδὲν
1160 336 1259 379 οὔτε
1279 342 1386 390 μέγα

46 403 146 450 οὔτε
170 403 352 460 σμικρὸν
371 411 461 458 πέρι
487 406 634 445 ἐπαΐω.
672 406 742 444 καὶ
760 402 839 458 οὐχ
859 402 915 452 ὡς
933 402 1158 457 ἀτιμάζων
1183 407 1285 458 λέγω
1310 405 1388 457 τὴν

139 581 275 611 ταῦτα
315 577 392 621 γὰρ
424 575 604 619 ἑωρᾶτε]
657 576 698 607 V.

47 625 149 660 Vinci.
177 627 208 660 1.
235 625 267 659 3.
292 626 325 660 4.
355 626 384 659 6.
416 624 504 658 Flos.
533 624 563 658 d.
592 632 621 655 (’.
646 632 680 663 g.

46 761 182 793 nomine
215 761 305 802 carpi
339 769 443 802 posse
469 759 683 799 intelligeret.

47 806 184 838 Tribuit
208 806 308 847 igitur
333 805 389 837 uni
415 805 566 844 Socrati,
598 811 685 842 quae

47 857 162 884 essent
174 854 310 893 propria
329 850 570 894 sophistarum,
589 857 685 883 eum-

46 908 113 939 que
151 897 355 929 deformavit
387 898 510 936 talem,
549 898 579 929 in
616 902 684 934 quo

47 954 168 976 omnes
195 945 322 976 illorum
340 953 461 984 nugae,
487 943 627 976 fraudes
650 951 686 978 et

47 991 160 1022 malae
186 992 278 1021 artes
304 994 532 1021 cernerentur.
582 990 685 1025 Quod

46 1035 202 1078 profecto
258 1035 364 1066 videri
420 1036 687 1077 intelligentibus

47 1083 146 1123 longe
173 1081 322 1113 maxime
348 1081 522 1113 ridiculum
556 1082 686 1122 debuit,

47 1127 321 1169 quandoquidem
339 1127 369 1158 in
388 1138 429 1159 eo
446 1129 590 1160 artificio
609 1131 687 1162 ideo

47 1174 156 1205 inerat
181 1175 336 1205 iocorum
366 1175 543 1215 plurimum
560 1199 569 1214 ,
595 1176 687 1217 qnia,

49 1229 154 1260 quum
197 1219 254 1250 ille
299 1225 439 1261 propter
487 1226 689 1262 perpetuam

49 1264 238 1297 disserendi
267 1265 548 1298 consuetudinem
571 1268 689 1299 multis

49 1310 222 1343 videretur
246 1311 407 1352 sophistis
433 1312 644 1350 simillimus,
671 1325 689 1345 a

47 1366 193 1398 quornm
233 1361 347 1389 tamen
387 1357 518 1390 ratione
559 1360 689 1392 alienus

49 1407 134 1440 erat,
160 1409 232 1435 tum
256 1403 357 1435 etiam
385 1403 520 1443 faciem,
547 1406 690 1446 vultum,

0 1468 1 1472 =
49 1447 210 1488 habitum,
236 1459 350 1480 mores
370 1449 515 1490 denique
531 1462 591 1482 eos
608 1462 690 1492 prae

49 1504 87 1526 se
102 1494 245 1534 ferebat,
262 1495 549 1536 quilargissimam
560 1496 690 1529 ridendi

0 1550 2 1586 ξ
49 1540 293 1582 cavillandique
333 1541 537 1582 praeberent
581 1548 690 1575 mate-

49 1586 249 1622 riam,sicuti
260 1587 310 1619 vel
321 1597 362 1618 ex
374 1588 627 1629 elegantissima
637 1589 691 1621 illa

53 1632 235 1664 Alcibiadis
269 1632 423 1664 oratione
456 1635 543 1676 apud
580 1635 689 1669 Plat.

0 1669 2 1696 ¹
53 1676 212 1722 Sympos.
246 1689 277 1718 p.
304 1678 382 1713 215.
419 1682 456 1713 Α.
483 1690 559 1722 sqq.
587 1682 692 1713 intel-

50 1725 176 1766 ligitur.
225 1723 294 1756 Sed
328 1725 410 1757 licet
448 1727 693 1769 Aristophanes

52 1770 231 1802 Socratem
251 1780 317 1802 non
332 1771 363 1803 in
379 1770 612 1813 sophistarum
632 1782 691 1804 nu-

51 1826 144 1848 mero
177 1815 348 1850 habuerit.
373 1822 476 1857 atque
502 1828 577 1850 eum
604 1820 693 1850 Avv.

51 1872 82 1895 v.
107 1861 200 1896 1280
225 1865 260 1893 et
285 1861 384 1896 1554.
412 1863 523 1894 Rann.
541 1875 572 1898 v.
591 1864 693 1899 1437.

51 1916 120 1939 non
145 1912 214 1939 tam
243 1911 280 1938 ut
306 1907 493 1950 sophistam
531 1920 631 1950 quam
659 1915 695 1943 ut

53 1952 226 1984 sordidum
253 1958 311 1985 aut
342 1956 559 1996 nugatorium
587 1956 694 1998 pbilo-

54 1999 201 2040 sophum
239 2001 425 2039 notaverit3
467 2006 581 2034 tamen
614 2002 694 2034 illud

54 2045 190 2086 quidem
232 2055 297 2077 non
330 2051 382 2078 est
415 2046 573 2085 dubium,
615 2059 693 2081 eum

54 2091 219 2132 sapienti,
252 2096 371 2133 utpote
397 2097 431 2124 et
457 2094 518 2135 ipsi
546 2095 694 2127 novitiae

55 2136 249 2178 disciplinae
261 2138 517 2178 quodammodo
534 2140 692 2180 adiutori,

55 2192 122 2214 non
147 2183 235 2214 bene
263 2184 431 2224 cupivisse.
467 2186 608 2227 eiusque
634 2197 697 2218 no—

56 2238 134 2260 men
152 2227 238 2269 apud
253 2239 408 2269 magnam
430 2232 696 2272 multitudinem,

56 2284 145 2314 quae
181 2283 257 2306 eum
294 2275 357 2307 iam
385 2275 428 2307 de
453 2277 635 2318 sophistica
664 2282 699 2310 et

58 2329 221 2361 perverso
247 2319 484 2362 philosophiae
499 2324 613 2356 studio
640 2334 697 2355 sn-

58 2369 212 2406 spectum
238 2364 396 2406 haberet,
434 2367 466 2399 in
498 2371 622 2401 malam
648 2371 699 2402 in-

57 2410 182 2442 vidiam
230 2409 424 2445 adduxisse.
482 2414 580 2447 Quae
626 2416 699 2457 ipsa

59 2466 177 2488 caussa
217 2461 289 2496 est,
329 2467 388 2489 cur
420 2459 521 2492 Plato
563 2466 697 2502 poetam

60 2503 227 2534 comicum
256 2508 290 2535 et
317 2503 348 2534 in
376 2505 544 2547 Apologia
574 2506 699 2539 identi-

60 2547 136 2580 dem
163 2549 212 2590 (p.
230 2549 283 2583 21.
311 2549 367 2591 B.)
396 2552 582 2589 notaverit,
609 2557 643 2584 et
667 2554 700 2585 in

60 2592 245 2636 Symposio
280 2600 420 2637 propter
453 2596 604 2630 iniuriam
633 2598 701 2630 So-

61 2639 144 2671 crati
182 2640 311 2673 illatam
337 2642 457 2674 leniter
493 2643 631 2683 quidem
666 2648 701 2676 et

63 2684 205 2725 urbane,
231 2687 293 2719 sed
320 2688 406 2719 satis
432 2693 546 2720 tamen
577 2690 702 2722 acerbe

63 2730 318 2771 reprehenderit
327 2738 361 2765 et
371 2735 522 2777 castigav
527 2736 601 2769 erit.
630 2735 698 2767 Ve-

63 2772 237 2810 hementer
267 2779 353 2811 enim
388 2786 605 2834 erraverunt,
646 2782 701 2822 qui

65 2819 244 2856 Platonem
289 2832 494 2859 censuerunt
532 2828 565 2859 in
598 2828 700 2869 Sym-

114 2877 192 2910 Plat
227 2880 254 2911 Ι.
281 2882 362 2913 Vol.
389 2883 417 2913 Ι
452 2883 539 2915 P.1.

745 576 899 610 τοιαῦτα,
938 578 1027 619 qnod
1062 590 1080 610 e
1113 579 1212 613 ssodl.
1248 582 1335 612 Ven-
1369 583 1398 614 l).

771 622 848 655 Par.
880 623 944 654 DS.
976 630 1108 656 mutare
1143 637 1206 657 non
1235 627 1401 659 dubitavi-

759 758 859 799 posio
886 769 961 790 cum
991 760 1213 803 Aristophane
1239 763 1335 804 quasi
1369 765 1398 794 in

759 805 905 845 gratiam
945 805 1097 838 rediisse.
1147 808 1257 841 Quem
1287 809 1401 850 potins

760 861 835 882 enm
864 852 1006 891 induxit,
1033 854 1089 892 qui
1117 864 1183 885 non
1209 855 1313 886 modo
1345 866 1401 886 nr-

760 897 845 929 bane
862 898 1087 930 subsannetur
1113 910 1153 931 ac
1173 900 1400 942 reprehenda-

760 947 828 982 tur,
855 943 914 974 sed
943 944 1046 975 etiam
1072 944 1217 977 Socrate
1236 947 1401 988 sapientia

760 990 860 1030 longe.
885 989 929 1021 sit
955 989 1104 1031 inferior,
1131 992 1228 1023 sicuti
1257 992 1400 1025 demon-

761 1043 890 1067 strasse
935 1035 1093 1068 videmur
1138 1038 1168 1069 in
1204 1038 1400 1080 Prolegom.

760 1082 801 1113 ad
830 1081 957 1113 tertia
971 1091 1000 1112 m
1044 1083 1225 1116 editionem
1253 1085 1401 1126 Sympo-

761 1128 798 1159 sii
824 1139 854 1170 p.
880 1127 1100 1160 XLIV—Li.
1147 1129 1310 1162 Ceterum
1338 1131 1400 1162 ali-

761 1179 813 1205 ter
839 1174 880 1205 (le
905 1175 1171 1215 necessitudine,
1197 1187 1285 1217 quae
1312 1178 1401 1210 inter

763 1220 941 1251 Socratem
981 1223 1015 1250 et
1055 1221 1317 1262 Aristophanem
1353 1223 1401 1253 in-

764 1266 972 1297 tercesserit.
1013 1266 1171 1298 indicavit
1213 1270 1400 1301 Snevern

764 1312 869 1343 iiber
894 1312 1178 1352 Aristophan.
1215 1314 1399 1355 Wolkem

763 1357 891 1390 Berlin.
921 1357 1021 1391 1826.
1045 1358 1077 1391 4.
1105 1360 1203 1391 aliter
1219 1361 1318 1392 etiam
1335 1361 1401 1395 Fr.

766 1408 803 1436 Α.
823 1402 1026 1439 Wolfius,
1045 1406 1086 1435 G.
1116 1405 1144 1436 H
1161 1416 1402 1444 ermannus,

763 1448 1022 1487 Fritschins‚
1051 1450 1116 1490 alii,
1136 1452 1190 1492 qui
1215 1463 1324 1494 nuper
1342 1454 1404 1486 hoc

763 1499 1000 1536 argumentum
1027 1495 1068 1528 de
1093 1496 1259 1529 industria
1277 1504 1403 1532 tracta-

762 1547 893 1573 verunt.
944 1542 1066 1574 Verum
1115 1542 1232 1576 horum
1266 1546 1403 1585 quidem

764 1587 951 1620 sententias
993 1588 1121 1620 referre
1160 1591 1297 1631 longum
1341 1596 1404 1626 est.

766 1634 844 1666 Hoc
874 1643 973 1664 unnm
1009 1635 1113 1673 igitur
1145 1635 1321 1669 addidisse
1354 1638 1404 1670 iu-

766 1680 874 1719 vabit,
902 1682 1085 1711 secundnm
1117 1683 1138 1711 Α
1157 1683 1277 1713 elian.
1308 1684 1402 1716 Varr.

765 1725 856 1758 Hist.
888 1724 926 1758 ll.
955 1726 997 1759 12
1050 1732 1083 1757 et
1110 1727 1228 1769 Diog.
1260 1729 1404 1762 Laert-

765 1772 805 1804 11.
831 1770 885 1804 38.
916 1771 1177 1812 Aristophanem
1205 1784 1222 1805 a
1251 1775 1404 1807 Socratis

764 1817 905 1849 inimicis
946 1817 1119 1849 inductum
1163 1824 1197 1850 et
1239 1821 1406 1853 suborna-

764 1868 834 1894 tum
861 1862 976 1895 Nubes
1002 1864 1199 1904 scripsisse:
1226 1877 1312 1907 quae
1328 1878 1400 1899 nar-

764 1909 850 1940 ratio
878 1908 1021 1941 fabellae
1053 1910 1147 1942 alicui
1181 1922 1244 1943 non
1273 1913 1406 1945 iidetur

764 1955 944 1986 dissimilis.
997 1963 1046 1987 Ac
1086 1955 1244 1990 dissentit
1289 1958 1405 1992 Schol.

763 2001 806 2032 ad
840 2000 950 2032 Nubb.
989 2011 1018 2034 v.
1063 2002 1138 2041 97„
1178 2005 1232 2044 qui
1265 2008 1404 2046 potitam

763 2050 875 2078 narrat
910 2047 1000 2079 nullo
1043 2049 1074 2080 in
1106 2049 1286 2083 Socratem
1327 2052 1406 2083 odio

762 2096 957 2134 permotum
1015 2093 1148 2126 fabulae
1198 2098 1404 2130 scribendae

769 2139 946 2170 consilinm
1005 2141 1160 2181 cepisse3
1215 2153 1406 2184 quanquam

768 2185 888 2226 quibus
915 2195 988 2216 eam
1023 2186 1053 2216 in
1080 2197 1148 2218 rem
1177 2189 1281 2220 utitur
1306 2200 1406 2231 argu-

769 2231 905 2270 mentis3
933 2242 970 2262 ea
998 2231 1098 2263 valde
1124 2233 1252 2265 infirma
1281 2240 1369 2267 sunt.

816 2271 947 2307 οὐδὲν
997 2275 1099 2309 οὔτε
1151 2278 1258 2321 μέγα
1308 2279 1410 2313 οὔτε

771 2321 978 2364 σμικρόν]
1031 2324 1140 2356 Dictio
1187 2328 1409 2367 proverbialis

770 2373 841 2407 est,
897 2370 989 2400 cuius
1043 2379 1137 2402 usum
1199 2373 1410 2405 illustrarunt

772 2415 1006 2457 Berglerus
1049 2415 1090 2447 ad
1137 2417 1328 2459 Alciphron.
1376 2430 1408 2460 p.

769 2460 846 2494 355.
866 2460 918 2493 ed.
936 2460 1095 2502 Wagner.
1115 2462 1147 2494 H
1162 2473 1254 2495 erm.
1281 2465 1322 2495 ad
1347 2466 1408 2496 Vi-

769 2517 841 2547 ger.
877 2517 908 2548 p.
937 2507 1003 2540 720
1041 2507 1094 2542 78.
1127 2509 1192 2542 alii.
1219 2510 1260 2543 cl'
1289 2521 1320 2550 p
1351 2512 1407 2545 21

772 2552 810 2584 Β.
836 2557 870 2584 et
898 2551 980 2585 Phil.
1009 2563 1040 2594 p.
1067 2553 1120 2587 21.
1151 2554 1187 2584 Ι)
1215 2555 1270 2589 32.
1288 2557 1329 2589 E.
1351 2557 1407 2591 33.

771 2599 811 2630 Β.
857 2598 911 2630 ubi
947 2602 1017 2630 est:
1055 2597 1180 2653 μηδὲι
1220 2600 1291 2633 δεῖν
1328 2601 1409 2645 μήτε

770 2644 853 2686 μέγα
879 2641 959 2699 μήιτε
986 2643 1129 2687 σμικρὸι
1147 2648 1284 2689 χαίρειι,
1310 2655 1408 2682 utne

772 2692 833 2724 hoc
857 2690 992 2731 quidem
1020 2691 1097 2722 loco
1115 2677 1218 2725 οὐδὲν
1234 2705 1338 2737 aegre
1358 2696 1408 2728 fe-

771 2747 903 2775 ramus,
944 2736 1034 2776 quod
1077 2722 1295 2772 Cobetus
1311 2742 1407 2775 Vari·

775 2783 804 2815 L
810 2786 889 2814 ectt.
916 2793 946 2823 p.
966 2782 1044 2816 299
1057 2782 1164 2817 delen
1180 2786 1282 2818 iubet
1304 2787 1406 2821 Quod

773 2828 899 2860 ἐπαΐειν
925 2839 999 2861 cum
1022 2830 1097 2870 περὶ
1115 2835 1149 2862 et
1166 2833 1315 2873 genitivo
1328 2843 1409 2865 con-

1098 2887 1120 2925 5
