1644 3039
257 164 587 207 APOLOGIA
621 163 942 208 SOCRATIS.
976 166 1023 207 P.
1059 167 1123 207 24.
1156 165 1219 207 St.
1367 167 1417 205 91

71 290 316 337 γεγονυῖαν.

920 277 936 293 7

392 283 528 325 Ταῦτ’
584 286 698 326 ἔστιν
736 281 857 336 ὑμῖν,
907 302 938 324 ω
976 280 1133 339 ἄνδρες
1165 281 1420 333 Ἀθηναῖοι,

72 349 282 402 τάληθῆ,
328 353 400 393 καὶ
436 349 552 406 ὑμᾶς
584 349 683 392 οὔτε
718 354 826 404 μέγα
866 348 967 393 οὔτε
1004 347 1187 404 σμικρὸν
1224 349 1420 404 ἀποκρυ-

70 459 303 491 Hermann.
344 460 506 493 Attisehe
539 459 708 491 Staatsal-

70 507 173 538 terth.
201 506 230 546 ξ.
257 506 312 540 69.
362 509 480 548 Atque
514 506 599 537 haec
633 506 709 546 qui-

71 553 149 584 dem
181 553 223 583 de
249 552 406 584 Socratis
435 552 707 585 accusatoribus.

70 599 212 630 Iuvabit
234 609 318 630 vero
343 599 521 630 addidisse
553 608 640 639 quae
666 598 708 629 de

71 654 192 676 eorum
232 645 333 676 fatali
380 645 475 677 exitu
521 644 707 675 memoriae

69 691 210 732 prodita
253 696 342 723 sunt.
408 689 707 728 Quemadmodum

70 737 161 768 enim
192 738 335 768 omnino
361 737 594 768 Athenienses
625 746 706 767 mox

69 783 184 814 caedis
203 782 404 814 Socraticae
420 783 636 825 poenitentia
655 787 705 813 ta-

68 829 114 860 cti
147 839 222 860 esse
253 834 456 869 narrantur,
497 830 539 861 de
569 838 638 870 qua
668 839 706 860 re

68 885 100 905 v.
137 874 341 906 Brueker.
376 876 467 907 Hist.
503 876 588 906 Crit.
626 874 705 906 Phi-

66 919 131 952 los.
168 920 264 952 Part.
292 921 338 953 ΙΙ.
362 921 441 952 Lib.
469 921 508 953 ll.
540 922 623 962 Cap.
654 920 704 952 II.

66 966 292 1007 inprimisque
319 967 444 1006 §.11.,
476 968 524 998 ita
560 977 622 998 nec
648 977 705 998 ne-

65 1013 210 1053 quitiam
231 1013 371 1044 illorum
388 1014 592 1054 impunitam
610 1013 705 1044 abire

65 1059 158 1099 passi
184 1063 274 1092 sunt.
324 1059 455 1091 Narrat
486 1065 578 1091 certe
604 1059 704 1090 Dio-

66 1104 152 1136 dor.
180 1104 314 1136 Sicul.
340 1105 418 1137 Lib.
443 1106 545 1138 XIV.
571 1116 604 1146 p.
627 1106 704 1139 266.

67 1161 94 1184 c.
133 1150 189 1184 37.
231 1151 365 1192 plebem
405 1153 516 1193 primo
556 1152 702 1184 irritatis

65 1197 191 1228 animis
229 1197 272 1229 iis
309 1198 508 1229 infrendere
550 1199 706 1238 coepisse

65 1252 216 1284 moxque
242 1244 421 1284 suppliciis
446 1244 589 1275 affectos
604 1245 706 1275 foede

65 1299 218 1320 necasse.
267 1288 440 1327 Quorsum
477 1291 626 1321 redeunt
656 1295 704 1321 et-

66 1335 134 1366 iam
159 1336 263 1367 verba
286 1336 455 1367 Laertii
483 1335 593 1369 tl.43.
632 1336 706 1368 Me-

64 1380 172 1412 letum
206 1383 381 1413 narrantis
414 1383 527 1422 capite
566 1383 707 1413 damna-

65 1431 158 1466 tum,
182 1428 338 1468 Anytum
364 1438 446 1459 vero
472 1428 514 1459 ab
540 1428 705 1460 Heracle-

64 1473 130 1504 otis
166 1483 207 1504 co
238 1474 315 1514 ipso
348 1475 423 1513 die,
457 1484 525 1514 quo
561 1484 598 1506 se
624 1475 706 1506 illuc

64 1524 264 1560 receperat,
291 1520 559 1551 exterminatum
585 1525 618 1551 et
642 1531 705 1560 po-

65 1568 139 1596 stea
183 1566 358 1606 lapidibus
406 1571 566 1597 necatum
616 1576 703 1597 esse.

65 1611 157 1642 conf.
213 1612 316 1642 etiam
364 1613 598 1653 Augustin.
647 1612 702 1644 De

65 1655 141 1691 Civ,
173 1656 241 1688 Dei
275 1658 378 1690 VIII.
418 1657 450 1692 3.
494 1658 702 1690 Themist.

66 1701 162 1734 Orat.
186 1703 269 1735 XX.
294 1714 328 1744 p.
361 1704 438 1738 293.
473 1705 640 1736 Suidas
675 1715 701 1736 s.

65 1760 98 1779 v.
125 1747 351 1791 καιελιθώθη,
389 1749 524 1788 Quibus
544 1752 702 1782 omnibus

64 1796 232 1827 accedunt
242 1806 330 1836 quae
349 1801 468 1827 narrat
480 1797 503 1827 Ρ
514 1797 524 1826 l
534 1806 555 1826 u
565 1802 578 1826 t
589 1807 609 1827 a
619 1807 635 1827 r
645 1807 661 1827 c
670 1797 702 1827 h.

63 1840 118 1872 De
151 1842 285 1872 invidia
307 1847 340 1872 et
369 1843 450 1873 odio
477 1852 549 1882 cap.
575 1842 620 1881 6.,
646 1843 704 1873 ubi

63 1886 297 1918 Athenienses
328 1892 474 1919 testatur
508 1889 544 1919 in
577 1889 704 1920 calum-

64 1933 217 1964 niatores
258 1933 415 1965 Socratis
448 1944 567 1966 omnes
608 1939 703 1966 tanto

65 1979 146 2010 odio
183 1989 258 2010 esse
297 1980 475 2017 incensos,
518 1986 556 2011 nt
592 1991 703 2021 neque

62 2025 178 2065 ignem
204 2025 254 2056 eis
273 2027 502 2057 accenderent
520 2037 631 2068 neque
650 2027 701 2057 in-

61 2071 321 2112 terrogantibus
356 2073 608 2113 responderent
641 2083 700 2104 ne-

61 2127 127 2157 que
152 2117 187 2148 iu
213 2118 347 2149 balneis
373 2129 463 2159 aqua
481 2120 601 2150 eadem
627 2124 700 2150 ute-

62 2167 190 2202 rentur,
217 2164 278 2195 sed
303 2174 371 2204 qua
393 2165 443 2195 illi
467 2176 503 2196 se
520 2166 700 2205 lavissent,

62 2218 136 2239 eam
161 2214 336 2250 tamquam
360 2211 529 2250 pollutam
553 2222 574 2243 a
600 2212 700 2243 mini-

63 2255 142 2285 stris
185 2254 316 2285 effundi
363 2256 540 2298 iuberent,
591 2258 702 2289 donee

63 2300 135 2330 odii
179 2304 212 2330 et
251 2305 441 2334 contemtus
484 2304 702 2344 impatientia

61 2345 326 2378 suffocarentur.
353 2347 482 2379 Verum
515 2350 598 2380 satis
616 2349 701 2381 haec

61 2402 123 2432 pro
149 2397 268 2423 nostro
296 2394 443 2424 consilio
476 2395 518 2425 de
544 2396 700 2427 Socratis

60 2439 332 2469 accusatoribus.

106 2483 302 2525 Μέλητος
325 2482 399 2523 μὲν
422 2503 465 2507 ——
492 2481 595 2527 ὑπὲρ
624 2488 700 2519 τῶν

63 2525 272 2571 ῥητόρων]
299 2531 395 2562 Haec
420 2532 524 2563 verba
550 2532 616 2564 suit
641 2535 699 2576 qui

61 2585 103 2607 ex
127 2577 338 2617 glossemate
363 2581 439 2608 orta
456 2578 699 2618 suspicaretur,

59 2623 208 2653 maxime
233 2627 436 2664 propterea,
475 2624 569 2664 quod
595 2622 696 2665 ἄχθε-

61 2667 146 2699 σθαι
176 2664 261 2709 ὑπὲρ
305 2677 396 2700 τινος
427 2667 560 2701 Graece
600 2672 696 2704 vide-

59 2718 153 2745 retur
190 2715 287 2746 nullo
326 2716 430 2747 modo
469 2716 535 2748 dici
579 2727 693 2757 posse.

60 2757 156 2796 Quae
188 2761 404 2802 perabsurda
446 2761 597 2794 hominis
627 2765 694 2796 fuit

781 459 913 499 opinio.
939 458 1050 490 Plat.
1079 458 1186 500 Gorg.
1211 469 1243 500 p.
1261 459 1341 494 457.
1367 460 1420 495 D:

779 502 863 535 τοὺς
905 502 1079 545 παρόντας
1119 503 1292 545 ἄχθεσθαι
1332 502 1418 549 ὑπὲρ

778 551 878 590 σφῶν
912 547 1035 584 αὐτῶν.
1082 552 1313 593 Aristoph.
1350 554 1420 595 Ly-

777 598 851 628 sist.
885 609 917 629 v.
952 598 1011 631 10:
1059 594 1158 629 πόλλ’
1201 594 1286 639 ὑπὲρ
1327 595 1420 640 ἡμῶν

778 643 843 674 τῶν
874 644 1048 684 γυναικών
1081 640 1243 683 ἄχθομαι.
1293 646 1346 677 Ac
1373 648 1418 678 si-

775 690 904 721 militer
930 691 1057 721 dicitur
1081 688 1307 731 αἰσχύνεσθαι
1332 688 1417 734 ὑπέρ

776 745 878 775 τινος,
904 741 942 767 ut
967 736 1099 768 Griton.
1125 748 1158 778 p.
1178 737 1232 770 45.
1253 738 1294 769 E.
1321 739 1421 770 The-

775 786 839 813 aet.
866 792 899 823 p.
927 783 1004 816 190.
1025 783 1065 813 Ε.
1118 783 1226 824 Igitur
1251 785 1417 825 loquendi

774 829 887 859 forma
917 829 1069 870 optimae
1101 828 1312 862 Graecitatis
1353 836 1416 862 est.

774 875 893 915 Ipsum
919 881 1034 906 autem
1048 876 1322 908 additamentum
1348 888 1418 909 non

775 921 878 951 video
914 921 998 962 quid
1033 927 1232 962 suspectum
1272 924 1419 954 reddere

774 968 903 1007 possit,
946 968 1229 1008 quandoquidem
1255 967 1419 1001 Socrates

775 1014 843 1054 ista
872 1013 1053 1044 hominum
1087 1024 1215 1054 genera
1248 1025 1317 1046 non
1344 1016 1419 1046 siue

776 1065 951 1090 contemtu
985 1059 1135 1101 quodam
1169 1066 1202 1091 et
1236 1061 1305 1092 leni
1338 1062 1417 1093 irri-

775 1106 872 1136 sione
927 1111 1184 1137 commemorat.
1257 1109 1416 1147 Accedit,

775 1152 869 1192 quod
894 1151 1015 1191 Plato,
1043 1153 1128 1183 haec
1154 1163 1258 1193 quum
1286 1155 1415 1186 scribe-

774 1202 846 1237 ret,
879 1199 1069 1238 legentium
1101 1209 1172 1229 non
1203 1199 1270 1230 fuit
1296 1201 1413 1232 imme-

775 1253 868 1274 mor:
908 1245 1002 1284 quod
1042 1248 1199 1276 tenentes
1242 1247 1414 1286 pruritum

775 1290 879 1320 istum
925 1290 1134 1330 glossemata
1182 1291 1419 1333 investigandi

775 1336 993 1376 aliquantum
1024 1337 1276 1371 cohibebimus.
1309 1338 1417 1380 Quip-

774 1392 817 1423 pe
842 1383 978 1413 etiamsi
1005 1383 1136 1414 iudices
1154 1383 1239 1415 haec
1256 1395 1328 1416 non
1354 1386 1417 1416 do-

775 1428 875 1459 cendi
916 1429 1076 1468 fuerunt,
1115 1434 1230 1461 tamen
1269 1432 1417 1463 lectores

775 1474 841 1505 visi
867 1479 947 1505 sunt
971 1476 1119 1506 certiore
1140 1476 1258 1516 aliqua
1276 1478 1327 1509 rei
1353 1487 1418 1509 no·

776 1520 854 1551 titia
878 1521 1056 1552 imbuendi
1089 1531 1175 1553 esse.
1226 1523 1290 1554 Est
1325 1525 1417 1555 enim

774 1566 831 1596 hic
857 1577 932 1598 mos
961 1567 1138 1607 Platonis,
1166 1572 1203 1598 ut
1226 1569 1262 1599 in
1287 1570 1417 1602 talibus

771 1612 857 1643 loeis
895 1614 1000 1644 etiam
1034 1624 1075 1645 ea
1116 1614 1277 1655 adiiciat,
1326 1627 1416 1657 quae

771 1659 975 1699 aequalibus
1013 1660 1123 1700 ipsius
1165 1666 1329 1701 poterant
1362 1663 1413 1693 vi-

773 1704 847 1735 deri
886 1715 1156 1745 supervacanea.
1213 1706 1270 1738 Ita
1300 1708 1412 1739 Phae-

773 1750 855 1781 don.
889 1761 922 1791 p.
948 1750 1002 1785 57.
1029 1753 1073 1782 A.
1107 1757 1187 1792 post
1220 1753 1286 1784 τῶν
1319 1755 1416 1785 πολι·

774 1796 841 1826 τῶν
871 1797 969 1827 addit
1004 1796 1184 1829 Φλιασίων.
1230 1805 1263 1829 et
1294 1798 1414 1841 Symp.

773 1842 808 1872 in
836 1841 885 1873 εἰς
910 1840 995 1873 ἄστυ
1023 1844 1168 1875 οἴκοθεν
1203 1840 1311 1876 α’νιών
1347 1845 1415 1876 Φα-

774 1885 944 1929 ληρύθεν,
979 1891 1036 1921 ubi
1069 1889 1275 1932 Φαληρόθεν
1308 1893 1417 1924 lecto-

772 1944 848 1965 rum
879 1936 992 1975 gratia
1027 1937 1185 1968 additum
1218 1948 1293 1969 esse
1329 1939 1415 1970 scite

773 1981 974 2012 observavit
1013 1981 1238 2015 Schaefer.
1280 1985 1414 2026 Appar.

769 2027 814 2058 ad
829 2027 1012 2059 Demosth.
1038 2029 1080 2060 T.
1108 2030 1154 2062 II.
1173 2041 1206 2070 p.
1225 2030 1302 2064 386.
1335 2031 1415 2062 Per-

770 2074 858 2104 tinet
886 2074 953 2105 huc
987 2076 1092 2106 etiam
1127 2077 1215 2108 illud
1249 2077 1285 2108 ol
1308 2077 1412 2108 πλου-

773 2117 946 2158 σιώτατοι,
984 2123 1078 2162 quod
1108 2123 1256 2163 legimus
1290 2133 1322 2163 p.
1356 2124 1411 2157 23.

772 2165 810 2196 C.
844 2166 926 2197 item
958 2166 995 2197 σι’
1023 2168 1155 2199 τούτων
1183 2167 1415 2210 προεήκοιτες

770 2222 802 2252 p.
827 2212 883 2245 34.
911 2212 949 2243 Β.
979 2218 1011 2243 et
1036 2225 1067 2254 p.
1095 2214 1150 2248 37.
1180 2214 1218 2246 C.
1254 2219 1324 2245 zois
1358 2215 1410 2246 ἕν-

771 2256 860 2289 δεκα.
896 2269 928 2299 p.
960 2258 1015 2291 39.
1050 2259 1089 2291 C.
1137 2257 1217 2291 ἴων
1250 2261 1412 2300 μέλλωσιν

770 2300 1038 2336 ἀποθανεῖσθαι.
1070 2316 1103 2347 p.
1127 2305 1182 2340 40.
1209 2307 1250 2338 B.
1290 2306 1407 2339 ἐνταυ-

772 2350 838 2381 θοῖ
874 2350 922 2381 εἰς
960 2348 995 2380 τὸ
1035 2349 1263 2393 δικαστήριον.
1327 2355 1412 2386 Alia

771 2397 807 2428 id
832 2407 940 2437 genus
971 2398 1071 2437 plura
1095 2399 1187 2429 sacili
1205 2401 1347 2440 negotio
1373 2401 1410 2432 in

771 2453 839 2474 uno
873 2444 1015 2474 (ritone
1054 2450 1220 2484 poterunt
1252 2446 1409 2477 animad-

770 2490 876 2528 verti,
902 2494 940 2519 ut
964 2500 997 2530 p.
1023 2488 1077 2523 50.
1103 2491 1148 2521 D.
1174 2490 1229 2524 53.
1257 2493 1303 2522 A.
1353 2492 1408 2523 Ita

769 2536 874 2566 etiam
908 2535 1087 2567 Phaedon.
1113 2547 1145 2577 p.
1172 2537 1248 2570 117.
1272 2538 1315 2570 E.
1348 2539 1408 2570 ubi

767 2582 856 2612 male
905 2582 1047 2621 quidam
1096 2583 1271 2622 glossema
1319 2585 1405 2616 odo-

766 2631 897 2658 rantur.

812 2672 850 2703 P.
877 2672 932 2706 24.
987 2669 1116 2705 Ταῦτ’
1151 2673 1272 2705 ἔστιν
1297 2672 1405 2714 ὑμῖν,

765 2713 792 2749 εὖ
825 2717 939 2760 ἅνδρ.
973 2715 1072 2756 Ἀθ.,
1111 2715 1296 2762 τάληθῆ]
1322 2723 1345 2754 1.
1374 2734 1403 2756 e.

764 2766 869 2797 haec
909 2771 1010 2797 sunt
1048 2765 1143 2807 illa,
1189 2777 1300 2808 quae
1339 2779 1402 2800 me
