1644 3039
208 161 540 205 APOLOGIA
571 158 886 203 SOCRATIS.
919 159 968 200 P.
1001 160 1067 200 35.
1101 156 1165 200 St.
1287 158 1366 200 143

20 283 93 324 καὶ
128 279 327 335 ἀσεβείας
363 277 583 336 φεύγοντα
619 274 705 318 ὑπὸ
739 274 950 327 Μελήτου
989 277 1180 318 τουτουί.
1216 275 1369 333 σαφῶς

19 349 104 402 γὰρ
138 345 220 396 ἄν,
258 351 293 389 εὶ
329 349 530 401 πείθοιμι
564 342 680 399 ὑμᾶς
717 346 786 385 καὶ
826 345 885 397 τῷ
921 346 1098 386 δεῖσθαι
1132 342 1368 396 βιαζοίμην

19 414 329 469 ὸμωμοκότας,“
355 411 498 463 θεοὺς
533 409 588 454 ἂν
625 408 870 465 ὃιόάσκοιμι
913 406 972 465 μὴ
1008 408 1218 463 ἡγεῖσθαι
1256 408 1370 465 ὑμᾶς

19 480 149 529 εἶναι,
205 483 276 523 καὶ
319 479 509 536 ἀτεχνῶς
555 478 915 532 ἀπολογούμενος
962 480 1254 530 κατηγοροίην
1312 474 1369 517 ἂν

17 551 222 603 ἐμαυτοῦ,
259 546 315 598 ὡς
354 545 489 597 θεοὺς
525 545 576 589 οὐ
613 547 786 600 νομίζω.
841 543 952 586 ἀλλὰ
991 546 1158 587 πολλοῦ
1196 546 1258 587 δεῖ
1293 542 1369 586 οὕ-

19 633 102 666 τως
136 620 266 670 ἔχειν·
313 616 469 668 νομίζω
509 631 552 656 τε
587 610 694 666 γάρ,
742 605 773 653 ὦ
812 608 969 665 ἆνόρες
1002 610 1268 663 Ἀθηναῖοι,
1311 609 1368 660 ὡς

20 682 161 732 οὐδεὶς
200 684 284 724 τῶν
319 684 433 733 ἐμῶν
467 679 744 733 κατηγόρων,
789 680 860 720 καὶ
896 677 998 734 ὑμῖν
1046 683 1257 734 ἐπιτρέπω
1296 681 1368 720 καὶ

18 751 78 803 τῷ
118 751 213 802 19·εῷ
251 757 395 803 κρῖναι
434 751 528 804 περὶ
558 749 665 802 ἐμοῦ
705 744 790 805 ὅπῃ
823 749 963 800 μέλλει
1000 750 1095 802 ἐμοί
1131 763 1174 788 τε
1211 746 1367 802 ἄριστα

18 814 128 859 εἶναι
164 818 235 859 καὶ
270 813 388 870 ὑμῖν.

117 950 228 1008 C1p
266 946 564 992 XXV.'1<'›
601 952 680 1003 μὲν
718 967 777 1004 μη
812 947 1103 1006 ἀρανακτεῖν,
1142 970 1172 991 ω
1213 948 1370 1006 ἄνδοες

13 1017 275 1070 Ἀθηναῖοι,
322 1019 389 1058 ἐπὶ
426 1015 567 1070 τούτῳ
605 1017 663 1070 τῷ
700 1008 919 1070 ῃεχονότι,
955 1014 1021 1060 ὅτι
1057 1035 1142 1073 μου
1177 1031 1369 1078 κατεψη-

17 1149 50 1183 4.
77 1150 108 1184 6.
133 1150 227 1182 Flor.
253 1150 286 1180 b.
313 1159 340 1180 c.
368 1158 397 1180 e.
425 1153 458 1179 et
480 1159 530 1189 pr.
558 1158 588 1179 u.
616 1148 760 1188 legitur:
788 1145 894 1180 ἄλλως
921 1160 953 1179 τε
978 1147 1112 1180 πάντως
1138 1147 1179 1190 νὴ
1208 1149 1279 1181 Δία
1295 1150 1369 1189 μέν·

20 1207 80 1227 τοι.
106 1195 204 1227 Unus
230 1196 310 1227 Par.
332 1195 375 1225 H.
402 1190 483 1224 ἀλλὰ
506 1193 644 1232 μάλιστα
670 1192 804 1225 πάντως
829 1193 871 1236 νὴ
901 1194 971 1226 Διά
997 1194 1109 1234 μέντοι
1132 1195 1240 1228 Coisl.
1266 1194 1372 1228 ἄλλως

22 1253 54 1273 τε
80 1239 214 1273 πάντως
240 1238 262 1282 ἦ
290 1238 331 1282 2¹7]¹
358 1240 430 1271 Δία
454 1239 576 1279 μέντοι.

114 1288 260 1327 σαφῶς
287 1284 366 1328 γὰρ
391 1283 460 1324 ἅνΙ
490 1287 650 1318 Accessit
674 1283 715 1316 ἄν
740 1297 756 1317 e
786 1286 864 1316 Bas.
891 1286 922 1318 2.
951 1286 1052 1318 Bodl.
1071 1287 1144 1318 l'at.
1163 1288 1253 1320 Ven.
1280 1299 1310 1321 a.
1338 1290 1370 1322 b.

19 1334 126 1366 Vind.
152 1334 182 1367 1.
208 1334 240 1367 2.
266 1333 299 1367 4.
325 1332 357 1366 5.
383 1332 416 1366 6.
442 1332 496 1363 Fl.
523 1343 553 1364 a.
578 1333 610 1365 b.
635 1343 668 1372 g.
694 1333 727 1363 h.
755 1333 776 1362 i.
802 1333 891 1363 aliis.

113 1379 198 1421 Cap,
223 1380 337 1411 XXV.
368 1379 410 1409 E.

22 1471 200 1502 Meleto.
247 1469 349 1507 Quod
374 1469 407 1500 h.
435 1469 458 1500 l.
484 1469 596 1508 μέντοι
622 1467 662 1511 vr}

21 1517 93 1548 Δία
119 1514 252 1548 πάντως
268 1515 511 1556 interpositum
526 1520 578 1547 est
593 1516 663 1547 sor-

22 1563 136 1594 mulae
161 1560 270 1594 ἄλλως
296 1571 329 1592 τε
354 1561 419 1603 καὶ,
446 1562 535 1593 conf.
566 1562 661 1592 Ari<

23 1609 171 1650 stoph.
196 1608 287 1641 Nub.
315 1618 347 1639 v.
370 1607 461 1642 1267
490 1608 543 1639 ed.
562 1608 662 1639 Dind.

24 1652 131 1686 ἄλλως
156 1666 188 1686 τε
211 1653 324 1694 μέντοι
346 1655 460 1694 (sane)
480 1655 532 1685 καὶ
551 1655 664 1685 κακῶς

23 1699 210 1743 πεπραγότι
255 1700 460 1740 Aeschyl.
493 1700 592 1731 Pers.
627 1712 659 1731 v.

23 1746 100 1781 659.
127 1747 305 1778 Prometh.
331 1757 362 1777 v.
378 1744 457 1779 635.
474 1746 659 1777 Eumenid.

22 1804 53 1824 v.
84 1792 151 1828 725
189 1803 240 1833 sq.
270 1792 330 1823 ubi
362 1789 469 1824 ἄλλως
495 1803 528 1823 τε
562 1789 659 1822 πάν-

22 1847 101 1870 τως
151 1839 371 1881 (omniuo)
422 1839 480 1868 καί
524 1839 660 1869 dicitur.

20 1885 147 1926 Itaque
172 1885 240 1916 hoc
268 1884 347 1915 Ioco
374 1881 487 1922 μέντοι
517 1889 550 1915 et
578 1882 659 1914 πάν-

23 1940 88 1962 τως
113 1930 347 1963 consociatum
372 1930 519 1961 habetur
539 1931 661 1962 addito

21 1978 166 2018 insuper
198 1977 302 2008 etiam
337 1973 380 2017 νὴ
411 1976 491 2007 Δία.
551 1975 660 2014 Quam

23 2024 161 2064 copiam
198 2026 231 2054 et
264 2022 458 2053 ubertatem
494 2023 570 2063 quis
611 2026 663 2054 est

23 2069 107 2110 quin
131 2069 221 2101 ferat
244 2069 515 2100 molestissime?
542 2069 662 2100 Enim-

21 2125 106 2146 vero
139 2116 222 2157 quid
252 2114 303 2145 rei
336 2114 401 2153 sit,
436 2115 553 2155 arguit
579 2115 661 2147 scri-

22 2165 126 2202 ptura
165 2160 295 2193 codicis
338 2159 447 2192 Coisl.
487 2158 593 2192 ἄλλως
631 2172 662 2192 τε

25 2203 160 2237 πάντως
190 2204 211 2248 ἢ
241 2203 282 2247 νὴ
307 2205 378 2237 Δία
408 2206 539 2245 μέντοι,
571 2208 662 2239 unde

24 2256 184 2293 apertum
223 2256 276 2283 est
305 2251 375 2282 iam
406 2253 489 2284 olim
520 2253 578 2284 hic
603 2264 661 2284 ex-

26 2298 159 2329 stitisse
191 2296 451 2339 διττογραφιάν,
489 2303 610 2339 postea
642 2309 663 2330 a

26 2344 152 2375 scribis
207 2344 243 2374 in
299 2353 406 2374 unum
469 2344 664 2376 conflatam.

26 2388 168 2442 Quippe
186 2390 247 2421 alii
263 2389 440 2427 legerunt.
468 2386 601 2424 ἄλλως
627 2402 667 2422 τε

25 2434 174 2475 μέντοι
208 2436 261 2466 καὶ
288 2430 382 2474 ἆσεβ
412 2445 468 2475 φ.;
497 2436 557 2468 alii
581 2447 665 2469 vero

26 2483 258 2537 scripserunt:
306 2477 414 2511 ἄλλως
461 2492 494 2512 τε
533 2479 668 2514 πάντως

27 2527 81 2559 καὶ
122 2524 219 2568 ἀσέβ.
254 2538 291 2568 φ.
345 2525 449 2564 Quod
486 2533 669 2570 utrumque

27 2574 166 2615 deinde,
193 2573 368 2613 adscripto
394 2574 498 2605 etiam
523 2571 566 2615 νὴ
582 2575 665 2616 Δία,

27 2620 174 2652 mixtum
190 2624 252 2652 est.
302 2617 439 2660 Quippe
464 2619 667 2652 alterutrum

30 2665 105 2697 sine
137 2667 244 2698 dubio
277 2665 421 2697 debetur
463 2666 667 2706 glossatori-

30 2710 104 2744 bus.
156 2712 211 2744 De
236 2722 305 2754 qua
336 2720 374 2742 re
410 2711 512 2743 nobis
542 2712 592 2744 ita
615 2713 665 2744 vi-

33 2756 133 2789 detur
163 2757 406 2795 iudicandum,
440 2761 479 2788 ut
513 2758 542 2789 si
576 2759 665 2799 opti-

452 1376 505 1410 Τὸ
532 1377 604 1417 μὲν
628 1376 681 1419 μὴ
717 1374 1004 1420 ἀγανακτεῖν]
1040 1377 1097 1410 Sia
1129 1390 1205 1410 cum
1234 1380 1311 1414 Bas.
1339 1381 1372 1414 2.

732 1481 805 1501 mos
836 1470 944 1501 libros
981 1471 1086 1502 duces
1114 1480 1311 1512 sequamur,
1338 1473 1370 1506 h.

734 1527 761 1546 e.
795 1516 1045 1553 Bodleianum,
1084 1517 1304 1558 Vaticanum,
1340 1524 1373 1550 et

732 1561 821 1593 Ven.
856 1562 905 1601 b.‚
939 1563 1124 1603 genuinam
1166 1564 1373 1605 scripturam

732 1608 820 1639 hanc
852 1609 960 1639 fuisse
994 1615 1116 1650 putare
1162 1611 1369 1643 debeamus:

732 1651 838 1685 ἄλλως
870 1665 902 1684 τε
927 1653 1080 1692 μέντοι
1115 1656 1168 1686 καὶ
1202 1652 1299 1697 ἁσεβ.
1325 1668 1372 1697 φ.,

731 1701 784 1730 cui
811 1701 951 1731 lectioni
978 1702 1021 1732 ad
1046 1711 1122 1732 voc
1148 1700 1218 1741 μὲι
1229 1714 1293 1734 τοι
1318 1706 1370 1735 in-

728 1747 988 1786 terpretationis
1017 1748 1129 1787 gratia
1158 1749 1371 1790 adscriptum

729 1792 810 1825 fuit:
846 1789 893 1833 κὴ
917 1792 1021 1829 Δι’,α
1055 1790 1224 1826 ndzzms
1256 1796 1311 1826 vel
1351 1792 1372 1836 ἢ

730 1835 778 1879 νὴ
804 1837 908 1875 Δια,
936 1836 1120 1879 πάντως,
1152 1851 1239 1881 quae
1264 1842 1372 1873 verba

729 1885 827 1916 uncis
853 1885 1066 1916 seclusimus.
1113 1865 1237 1928 ’Itaque
1274 1888 1370 1919 fraus

730 1931 848 1971 utique
890 1931 1088 1963 manifesta.
1150 1932 1252 1970 Quod
1288 1935 1370 1966 olim

731 1987 807 2007 cum
832 1977 860 2007 I.
876 1977 996 2008 Bekk
1009 1988 1085 2009 ero
1112 1979 1147 2009 in
1176 1990 1213 2010 re
1237 1981 1372 2011 incerta

732 2023 949 2075 sclipsimus:
977 2021 1084 2055 ἄλλως
1110 2035 1142 2055 τε
1168 2022 1305 2058 πάντως
1329 2024 1370 2068 νὴ

732 2069 819 2105 Δια,
846 2067 986 2108 μάλιστα
1017 2069 1130 2109 μείτοι
1157 2083 1209 2102 και
1242 2068 1294 2105 α’σ.
1321 2084 1370 2113 φ,

732 2115 768 2146 id
796 2115 838 2146 ad
865 2120 947 2146 vett.
966 2116 1062 2147 editt.
1088 2118 1259 2150 1ationem
1280 2129 1370 2150 com-

731 2166 891 2202 paratum
908 2167 970 2201 est,
983 2172 1095 2204 neque
1110 2165 1269 2195 codicum
1288 2175 1369 2196 mss.

731 2208 941 2239 auctorit-ate
971 2219 1181 2250 magnopere
1207 2211 1372 2242 munitur.

777 2251 817 2283 εἰ
847 2253 1368 2299 πείθοιμι-βιαζοίμην]

731 2299 833 2331 Intell
872 2300 1075 2340 χαρίζεσθαί
1102 2313 1157 2340 μοι
1186 2299 1223 2332 τὰ
1250 2300 1370 2334 δίκαια

731 2345 870 2377 Deinde
894 2347 999 2377 verba
1018 2348 1068 2377 ita
1093 2348 1296 2382 cohaerent:
1324 2348 1372 2380 δι-

735 2389 891 2430 δάσκοιμι
932 2388 974 2422 ἂι
1011 2389 1099 2432 ὑμᾶς
1127 2391 1171 2435 μὴ
1214 2391 1373 2436 ἡγεῖσθαι

734 2434 846 2469 θεους
871 2448 920 2468 ειι
924 2449 966 2468 αι

781 2483 865 2524 Cap.
898 2482 1007 2515 XXV.
1040 2485 1083 2515 E.
1145 2484 1198 2518 T&
1224 2485 1297 2525 μὲν
1321 2484 1372 2528 μὴ

738 2525 1000 2571 ἄγαννακτεῖτ
1024 2531 1089 2572 —]
1141 2531 1238 2569 Quae
1274 2533 1372 2565 Plato

736 2576 917 2607 Sociatem
949 2580 1050 2607 antea
1075 2578 1245 2610 dicentem
1277 2578 1371 2620 fecit,

737 2632 776 2653 ea
807 2622 938 2653 dixisse
962 2623 1136 2662 putandus
1162 2629 1233 2665 est,
1259 2626 1372 2666 prius-

736 2678 838 2709 quam
862 2668 994 2699 iudices
1029 2669 1158 2709 primas
1184 2671 1373 2704 sententias

735 2714 777 2745 de
802 2724 842 2745 eo
859 2713 1037 2747 tulissent:
1065 2725 1152 2756 quae
1169 2722 1373 2758 sequuntur,

734 2770 774 2792 ea
806 2760 969 2800 loquutus
1004 2764 1076 2800 est,
1114 2767 1296 2805 postquam
1333 2775 1374 2796 eo
