<?xml version="1.0" encoding="UTF-8"?>
<!DOCTYPE html PUBLIC "-//W3C//DTD XHTML 1.0 Transitional//EN"
    "http://www.w3.org/TR/xhtml1/DTD/xhtml1-transitional.dtd">
<html xmlns="http://www.w3.org/1999/xhtml" xml:lang="en" lang="en">
 <head>
  <title>
</title>
<meta http-equiv="Content-Type" content="text/html;charset=utf-8" />
  <meta name='ocr-system' content='tesseract 3.04.00' />
  <meta name='ocr-capabilities' content='ocr_page ocr_carea ocr_par ocr_line ocrx_word'/>
</head>
<body>
  <div class='ocr_page' id='page_1' title='image "./n1operaomniarecens01platuoft/n1operaomniarecens01platuoft_0021.png"; bbox 0 0 1644 3039; ppageno 0'>
   <div class='ocr_carea' id='block_1_1' title="bbox 1319 199 1407 241">
    <p class='ocr_par' dir='ltr' id='par_1_1' title="bbox 1319 199 1407 241">
     <span class='ocr_line' id='line_1_1' title="bbox 1319 199 1407 241; baseline 0.011 -1"><span class='ocrx_word' id='word_1_1' title='bbox 1319 199 1407 241; x_wconf 86' lang='lat' dir='ltr'>XV</span> 
     </span>
    </p>
   </div>
   <div class='ocr_carea' id='block_1_2' title="bbox 57 312 1409 484">
    <p class='ocr_par' dir='ltr' id='par_1_2' title="bbox 57 312 1409 484">
     <span class='ocr_line' id='line_1_2' title="bbox 59 312 1409 369; baseline 0 -15"><span class='ocrx_word' id='word_1_2' title='bbox 59 313 239 369; x_wconf 85' lang='lat' dir='ltr'>perfecti</span> <span class='ocrx_word' id='word_1_3' title='bbox 269 314 475 369; x_wconf 83' lang='lat' dir='ltr'>sapientis</span> <span class='ocrx_word' id='word_1_4' title='bbox 505 312 736 368; x_wconf 77' lang='lat' dir='ltr'>imaginem</span> <span class='ocrx_word' id='word_1_5' title='bbox 768 314 811 354; x_wconf 92' lang='lat' dir='ltr'>in</span> <span class='ocrx_word' id='word_1_6' title='bbox 843 313 1113 355; x_wconf 79' lang='lat' dir='ltr'>sermonibus</span> <span class='ocrx_word' id='word_1_7' title='bbox 1155 312 1243 354; x_wconf 85' lang='lat' dir='ltr'>suis</span> <span class='ocrx_word' id='word_1_8' title='bbox 1274 313 1409 354; x_wconf 88' lang='lat' dir='ltr'>intro-</span> 
     </span>
     <span class='ocr_line' id='line_1_3' title="bbox 60 368 1408 424; baseline 0 -13"><span class='ocrx_word' id='word_1_9' title='bbox 60 370 232 417; x_wconf 78' lang='lat' dir='ltr'><strong>duxerit</strong></span> <span class='ocrx_word' id='word_1_10' title='bbox 272 380 403 424; x_wconf 87' lang='lat' dir='ltr'>atque</span> <span class='ocrx_word' id='word_1_11' title='bbox 443 370 657 412; x_wconf 80' lang='lat' dir='ltr'>dicentem</span> <span class='ocrx_word' id='word_1_12' title='bbox 698 370 850 412; x_wconf 86' lang='lat' dir='ltr'>fecerit</span> <span class='ocrx_word' id='word_1_13' title='bbox 881 384 952 424; x_wconf 91' lang='lat' dir='ltr'>ea,</span> <span class='ocrx_word' id='word_1_14' title='bbox 995 384 1105 424; x_wconf 87' lang='lat' dir='ltr'>quae</span> <span class='ocrx_word' id='word_1_15' title='bbox 1135 369 1228 424; x_wconf 90' lang='lat' dir='ltr'>ipse</span> <span class='ocrx_word' id='word_1_16' title='bbox 1260 368 1408 411; x_wconf 89' lang='lat' dir='ltr'>divino</span> 
     </span>
     <span class='ocr_line' id='line_1_4' title="bbox 57 425 1409 484; baseline -0.001 -16"><span class='ocrx_word' id='word_1_17' title='bbox 57 427 233 484; x_wconf 86' lang='lat' dir='ltr'>ingenio</span> <span class='ocrx_word' id='word_1_18' title='bbox 263 442 341 469; x_wconf 88' lang='lat' dir='ltr'>suo</span> <span class='ocrx_word' id='word_1_19' title='bbox 373 427 676 483; x_wconf 80' lang='lat' dir='ltr'>excogitasset.</span> <span class='ocrx_word' id='word_1_20' title='bbox 740 428 810 469; x_wconf 86' lang='lat' dir='ltr'>Dc</span> <span class='ocrx_word' id='word_1_21' title='bbox 852 442 938 481; x_wconf 88' lang='lat' dir='ltr'>qua</span> <span class='ocrx_word' id='word_1_22' title='bbox 977 442 1022 468; x_wconf 88' lang='lat' dir='ltr'>re</span> <span class='ocrx_word' id='word_1_23' title='bbox 1053 427 1178 482; x_wconf 89' lang='lat' dir='ltr'>plura</span> <span class='ocrx_word' id='word_1_24' title='bbox 1210 425 1409 467; x_wconf 82' lang='lat' dir='ltr'>dicentur</span> 
     </span>
    </p>
   </div>
   <div class='ocr_carea' id='block_1_3' title="bbox 57 490 1407 595">
    <p class='ocr_par' dir='ltr' id='par_1_3' title="bbox 57 490 1407 595">
     <span class='ocr_line' id='line_1_5' title="bbox 57 490 1407 595; baseline 0.001 -15"><span class='ocrx_word' id='word_1_25' title='bbox 57 490 346 594; x_wconf 65' lang='lat' dir='ltr'>PGSteQaiianto</span> <span class='ocrx_word' id='word_1_26' title='bbox 368 547 512 582; x_wconf 86' lang='lat' dir='ltr'>autem</span> <span class='ocrx_word' id='word_1_27' title='bbox 532 539 679 582; x_wconf 90' lang='lat' dir='ltr'>studio</span> <span class='ocrx_word' id='word_1_28' title='bbox 700 539 1003 595; x_wconf 82' lang='lat' dir='ltr'>philosophiae</span> <span class='ocrx_word' id='word_1_29' title='bbox 1024 546 1114 580; x_wconf 90' lang='lat' dir='ltr'>tum</span> <span class='ocrx_word' id='word_1_30' title='bbox 1135 554 1311 595; x_wconf 85' lang='lat' dir='ltr'>operam</span> <span class='ocrx_word' id='word_1_31' title='bbox 1333 538 1407 581; x_wconf 91' lang='lat' dir='ltr'>de-</span> 
     </span>
    </p>
   </div>
   <div class='ocr_carea' id='block_1_4' title="bbox 45 596 1408 2591">
    <p class='ocr_par' dir='ltr' id='par_1_4' title="bbox 47 596 1408 2060">
     <span class='ocr_line' id='line_1_6' title="bbox 59 596 1407 653; baseline 0.001 -15"><span class='ocrx_word' id='word_1_32' title='bbox 59 596 184 651; x_wconf 89' lang='lat' dir='ltr'>derit,</span> <span class='ocrx_word' id='word_1_33' title='bbox 215 597 341 640; x_wconf 88' lang='lat' dir='ltr'>facile</span> <span class='ocrx_word' id='word_1_34' title='bbox 363 596 514 639; x_wconf 88' lang='lat' dir='ltr'>exinde</span> <span class='ocrx_word' id='word_1_35' title='bbox 537 597 680 653; x_wconf 83' lang='lat' dir='ltr'>colligi</span> <span class='ocrx_word' id='word_1_36' title='bbox 702 602 862 652; x_wconf 83' lang='lat' dir='ltr'>potest,</span> <span class='ocrx_word' id='word_1_37' title='bbox 897 596 1012 651; x_wconf 85' lang='lat' dir='ltr'>quod</span> <span class='ocrx_word' id='word_1_38' title='bbox 1032 597 1104 637; x_wconf 89' lang='lat' dir='ltr'>illo</span> <span class='ocrx_word' id='word_1_39' title='bbox 1118 596 1214 651; x_wconf 89' lang='lat' dir='ltr'>ipso</span> <span class='ocrx_word' id='word_1_40' title='bbox 1239 603 1407 651; x_wconf 89' lang='lat' dir='ltr'>tempo-</span> 
     </span>
     <span class='ocr_line' id='line_1_7' title="bbox 57 653 1406 710; baseline 0 -15"><span class='ocrx_word' id='word_1_41' title='bbox 57 669 118 708; x_wconf 91' lang='lat' dir='ltr'>re,</span> <span class='ocrx_word' id='word_1_42' title='bbox 143 670 227 710; x_wconf 91' lang='lat' dir='ltr'>quo</span> <span class='ocrx_word' id='word_1_43' title='bbox 249 656 452 697; x_wconf 86' lang='lat' dir='ltr'>utebatur</span> <span class='ocrx_word' id='word_1_44' title='bbox 475 653 670 696; x_wconf 84' lang='lat' dir='ltr'>Socratis</span> <span class='ocrx_word' id='word_1_45' title='bbox 693 653 983 695; x_wconf 72' lang='lat' dir='ltr'>familiaritate</span> <span class='ocrx_word' id='word_1_46' title='bbox 1004 659 1047 694; x_wconf 91' lang='lat' dir='ltr'>et</span> <span class='ocrx_word' id='word_1_47' title='bbox 1076 653 1406 708; x_wconf 83' lang='lat' dir='ltr'>consuetudine,</span> 
     </span>
     <span class='ocr_line' id='line_1_8' title="bbox 57 710 1406 767; baseline 0 -15"><span class='ocrx_word' id='word_1_48' title='bbox 57 711 299 767; x_wconf 82' lang='lat' dir='ltr'>complures</span> <span class='ocrx_word' id='word_1_49' title='bbox 331 711 575 767; x_wconf 81' lang='lat' dir='ltr'>composuit</span> <span class='ocrx_word' id='word_1_50' title='bbox 596 710 806 767; x_wconf 86' lang='lat' dir='ltr'>dialogos,</span> <span class='ocrx_word' id='word_1_51' title='bbox 830 711 875 751; x_wconf 89' lang='lat' dir='ltr'>in</span> <span class='ocrx_word' id='word_1_52' title='bbox 897 711 1054 764; x_wconf 84' lang='lat' dir='ltr'>quibus</span> <span class='ocrx_word' id='word_1_53' title='bbox 1077 725 1208 764; x_wconf 87' lang='lat' dir='ltr'>quum</span> <span class='ocrx_word' id='word_1_54' title='bbox 1230 711 1406 752; x_wconf 89' lang='lat' dir='ltr'>omnino</span> 
     </span>
     <span class='ocr_line' id='line_1_9' title="bbox 57 766 1408 820; baseline -0.001 -10"><span class='ocrx_word' id='word_1_55' title='bbox 57 766 322 810; x_wconf 84' lang='lat' dir='ltr'>Socraticam</span> <span class='ocrx_word' id='word_1_56' title='bbox 339 769 531 810; x_wconf 84' lang='lat' dir='ltr'>imitatus</span> <span class='ocrx_word' id='word_1_57' title='bbox 553 775 620 809; x_wconf 89' lang='lat' dir='ltr'>est</span> <span class='ocrx_word' id='word_1_58' title='bbox 640 767 880 810; x_wconf 88' lang='lat' dir='ltr'>disserendi</span> <span class='ocrx_word' id='word_1_59' title='bbox 902 768 1126 820; x_wconf 87' lang='lat' dir='ltr'>rationem,</span> <span class='ocrx_word' id='word_1_60' title='bbox 1158 773 1247 808; x_wconf 87' lang='lat' dir='ltr'>tum</span> <span class='ocrx_word' id='word_1_61' title='bbox 1280 768 1408 809; x_wconf 81' lang='lat' dir='ltr'>etiam</span> 
     </span>
     <span class='ocr_line' id='line_1_10' title="bbox 54 824 1407 881; baseline 0.002 -17"><span class='ocrx_word' id='word_1_62' title='bbox 54 824 249 880; x_wconf 89' lang='lat' dir='ltr'>singulos</span> <span class='ocrx_word' id='word_1_63' title='bbox 289 825 499 879; x_wconf 85' lang='lat' dir='ltr'>quosdam</span> <span class='ocrx_word' id='word_1_64' title='bbox 535 825 834 881; x_wconf 86' lang='lat' dir='ltr'>philosophiae</span> <span class='ocrx_word' id='word_1_65' title='bbox 877 825 1096 879; x_wconf 88' lang='lat' dir='ltr'>popularis</span> <span class='ocrx_word' id='word_1_66' title='bbox 1136 824 1256 866; x_wconf 86' lang='lat' dir='ltr'>locos</span> <span class='ocrx_word' id='word_1_67' title='bbox 1288 840 1407 867; x_wconf 88' lang='lat' dir='ltr'>more</span> 
     </span>
     <span class='ocr_line' id='line_1_11' title="bbox 54 879 1407 938; baseline 0.001 -16"><span class='ocrx_word' id='word_1_68' title='bbox 54 879 277 923; x_wconf 86' lang='lat' dir='ltr'>Socratico</span> <span class='ocrx_word' id='word_1_69' title='bbox 308 882 539 924; x_wconf 85' lang='lat' dir='ltr'>illustravit</span> <span class='ocrx_word' id='word_1_70' title='bbox 566 883 626 938; x_wconf 65' lang='lat'>³²).</span> <span class='ocrx_word' id='word_1_71' title='bbox 689 881 886 935; x_wconf 79' lang='lat' dir='ltr'>Quorum</span> <span class='ocrx_word' id='word_1_72' title='bbox 926 881 1133 923; x_wconf 88' lang='lat' dir='ltr'>librorum</span> <span class='ocrx_word' id='word_1_73' title='bbox 1173 888 1308 922; x_wconf 86' lang='lat' dir='ltr'>artem</span> <span class='ocrx_word' id='word_1_74' title='bbox 1340 898 1407 923; x_wconf 90' lang='lat' dir='ltr'>ra-</span> 
     </span>
     <span class='ocr_line' id='line_1_12' title="bbox 53 938 1405 996; baseline 0.001 -17"><span class='ocrx_word' id='word_1_75' title='bbox 53 938 302 993; x_wconf 85' lang='lat' dir='ltr'>tionemque</span> <span class='ocrx_word' id='word_1_76' title='bbox 332 939 518 994; x_wconf 87' lang='lat' dir='ltr'>posthac</span> <span class='ocrx_word' id='word_1_77' title='bbox 549 941 698 996; x_wconf 80' lang='lat' dir='ltr'>paucis</span> <span class='ocrx_word' id='word_1_78' title='bbox 731 938 976 980; x_wconf 79' lang='lat' dir='ltr'>describere</span> <span class='ocrx_word' id='word_1_79' title='bbox 998 938 1262 980; x_wconf 81' lang='lat' dir='ltr'>conabimur.</span> <span class='ocrx_word' id='word_1_80' title='bbox 1308 939 1405 980; x_wconf 85' lang='lat' dir='ltr'>Ma-</span> 
     </span>
     <span class='ocr_line' id='line_1_13' title="bbox 54 995 1405 1049; baseline 0.001 -13"><span class='ocrx_word' id='word_1_81' title='bbox 54 995 166 1036; x_wconf 83' lang='lat' dir='ltr'>xime</span> <span class='ocrx_word' id='word_1_82' title='bbox 217 1001 360 1037; x_wconf 86' lang='lat' dir='ltr'>autem</span> <span class='ocrx_word' id='word_1_83' title='bbox 414 997 506 1038; x_wconf 87' lang='lat' dir='ltr'>eius</span> <span class='ocrx_word' id='word_1_84' title='bbox 553 997 743 1039; x_wconf 85' lang='lat' dir='ltr'>studium</span> <span class='ocrx_word' id='word_1_85' title='bbox 793 995 1011 1037; x_wconf 88' lang='lat' dir='ltr'>scribendi</span> <span class='ocrx_word' id='word_1_86' title='bbox 1051 995 1286 1037; x_wconf 86' lang='lat' dir='ltr'>excitatum</span> <span class='ocrx_word' id='word_1_87' title='bbox 1326 1003 1405 1049; x_wconf 82' lang='lat' dir='ltr'>est,</span> 
     </span>
     <span class='ocr_line' id='line_1_14' title="bbox 55 1052 1408 1108; baseline 0.001 -15"><span class='ocrx_word' id='word_1_88' title='bbox 55 1067 187 1106; x_wconf 88' lang='lat' dir='ltr'>quum</span> <span class='ocrx_word' id='word_1_89' title='bbox 225 1053 400 1095; x_wconf 77' lang='lat' dir='ltr'>nefariis</span> <span class='ocrx_word' id='word_1_90' title='bbox 439 1054 602 1096; x_wconf 84' lang='lat' dir='ltr'>artibus</span> <span class='ocrx_word' id='word_1_91' title='bbox 641 1054 860 1095; x_wconf 86' lang='lat' dir='ltr'>hominum</span> <span class='ocrx_word' id='word_1_92' title='bbox 900 1052 1311 1108; x_wconf 83' lang='lat' dir='ltr'>improbissimorum</span> <span class='ocrx_word' id='word_1_93' title='bbox 1345 1054 1408 1094; x_wconf 72' lang='lat' dir='ltr'>et-</span> 
     </span>
     <span class='ocr_line' id='line_1_15' title="bbox 52 1109 1405 1164; baseline 0.002 -15"><span class='ocrx_word' id='word_1_94' title='bbox 52 1109 213 1150; x_wconf 86' lang='lat' dir='ltr'>fectum</span> <span class='ocrx_word' id='word_1_95' title='bbox 243 1109 434 1164; x_wconf 86' lang='lat' dir='ltr'>videret,</span> <span class='ocrx_word' id='word_1_96' title='bbox 467 1117 515 1152; x_wconf 88' lang='lat' dir='ltr'>ut</span> <span class='ocrx_word' id='word_1_97' title='bbox 545 1111 749 1154; x_wconf 78' lang='lat' dir='ltr'>Socrates</span> <span class='ocrx_word' id='word_1_98' title='bbox 782 1117 867 1151; x_wconf 81' lang='lat' dir='ltr'>n&#39;on</span> <span class='ocrx_word' id='word_1_99' title='bbox 899 1110 1037 1151; x_wconf 86' lang='lat' dir='ltr'>solum</span> <span class='ocrx_word' id='word_1_100' title='bbox 1067 1109 1302 1164; x_wconf 82' lang='lat' dir='ltr'>impictatis</span> <span class='ocrx_word' id='word_1_101' title='bbox 1335 1125 1405 1152; x_wconf 89' lang='lat' dir='ltr'>ac-</span> 
     </span>
     <span class='ocr_line' id='line_1_16' title="bbox 53 1166 1406 1221; baseline 0.001 -14"><span class='ocrx_word' id='word_1_102' title='bbox 53 1173 298 1220; x_wconf 85' lang='lat' dir='ltr'>cusaretur,</span> <span class='ocrx_word' id='word_1_103' title='bbox 338 1167 416 1209; x_wconf 88' lang='lat' dir='ltr'>sed</span> <span class='ocrx_word' id='word_1_104' title='bbox 446 1168 573 1210; x_wconf 80' lang='lat' dir='ltr'>etiam</span> <span class='ocrx_word' id='word_1_105' title='bbox 606 1168 890 1210; x_wconf 84' lang='lat' dir='ltr'>iniustissimo</span> <span class='ocrx_word' id='word_1_106' title='bbox 922 1166 1083 1208; x_wconf 83' lang='lat' dir='ltr'>iudicio</span> <span class='ocrx_word' id='word_1_107' title='bbox 1115 1167 1269 1221; x_wconf 84' lang='lat' dir='ltr'>capitis</span> <span class='ocrx_word' id='word_1_108' title='bbox 1303 1182 1406 1209; x_wconf 87' lang='lat' dir='ltr'>con-</span> 
     </span>
     <span class='ocr_line' id='line_1_17' title="bbox 52 1221 1404 1279; baseline 0.001 -16"><span class='ocrx_word' id='word_1_109' title='bbox 52 1221 339 1265; x_wconf 81' lang='lat' dir='ltr'>demnaretur.</span> <span class='ocrx_word' id='word_1_110' title='bbox 407 1225 460 1265; x_wconf 90' lang='lat' dir='ltr'>In</span> <span class='ocrx_word' id='word_1_111' title='bbox 501 1240 628 1279; x_wconf 85' lang='lat' dir='ltr'>quem</span> <span class='ocrx_word' id='word_1_112' title='bbox 667 1241 799 1279; x_wconf 89' lang='lat' dir='ltr'>quum</span> <span class='ocrx_word' id='word_1_113' title='bbox 836 1230 1042 1278; x_wconf 79' lang='lat' dir='ltr'>tanquam</span> <span class='ocrx_word' id='word_1_114' title='bbox 1082 1223 1126 1264; x_wconf 88' lang='lat' dir='ltr'>in</span> <span class='ocrx_word' id='word_1_115' title='bbox 1162 1224 1404 1278; x_wconf 71' lang='lat' dir='ltr'>perfectum</span> 
     </span>
     <span class='ocr_line' id='line_1_18' title="bbox 51 1279 1404 1337; baseline 0.004 -19"><span class='ocrx_word' id='word_1_116' title='bbox 51 1279 224 1321; x_wconf 87' lang='lat' dir='ltr'>virtutis</span> <span class='ocrx_word' id='word_1_117' title='bbox 265 1295 314 1322; x_wconf 89' lang='lat' dir='ltr'>ac</span> <span class='ocrx_word' id='word_1_118' title='bbox 353 1282 592 1335; x_wconf 77' lang='lat' dir='ltr'>sapientiae</span> <span class='ocrx_word' id='word_1_119' title='bbox 634 1281 850 1337; x_wconf 86' lang='lat' dir='ltr'>exemplar</span> <span class='ocrx_word' id='word_1_120' title='bbox 892 1281 1048 1321; x_wconf 81' lang='lat' dir='ltr'>intueri</span> <span class='ocrx_word' id='word_1_121' title='bbox 1094 1281 1404 1334; x_wconf 81' lang='lat' dir='ltr'>consuevisset,</span> 
     </span>
     <span class='ocr_line' id='line_1_19' title="bbox 51 1337 1405 1393; baseline 0.002 -16"><span class='ocrx_word' id='word_1_122' title='bbox 51 1351 308 1392; x_wconf 87' lang='lat' dir='ltr'>generosum</span> <span class='ocrx_word' id='word_1_123' title='bbox 349 1338 440 1379; x_wconf 92' lang='lat' dir='ltr'>eius</span> <span class='ocrx_word' id='word_1_124' title='bbox 478 1345 632 1393; x_wconf 84' lang='lat' dir='ltr'>pectus</span> <span class='ocrx_word' id='word_1_125' title='bbox 673 1339 835 1380; x_wconf 73' lang='lat' dir='ltr'>exarsit</span> <span class='ocrx_word' id='word_1_126' title='bbox 877 1337 1212 1393; x_wconf 69' lang='lat' dir='ltr'>flagrantissimo</span> <span class='ocrx_word' id='word_1_127' title='bbox 1260 1338 1405 1380; x_wconf 81' lang='lat' dir='ltr'>studio</span> 
     </span>
     <span class='ocr_line' id='line_1_20' title="bbox 50 1392 1404 1452; baseline 0.003 -19"><span class='ocrx_word' id='word_1_128' title='bbox 50 1392 238 1434; x_wconf 88' lang='lat' dir='ltr'>tuendae</span> <span class='ocrx_word' id='word_1_129' title='bbox 280 1393 552 1436; x_wconf 84' lang='lat' dir='ltr'>innocentiae</span> <span class='ocrx_word' id='word_1_130' title='bbox 591 1395 788 1452; x_wconf 82' lang='lat' dir='ltr'>magistri</span> <span class='ocrx_word' id='word_1_131' title='bbox 828 1395 917 1447; x_wconf 85' lang='lat' dir='ltr'>sui,</span> <span class='ocrx_word' id='word_1_132' title='bbox 959 1394 1042 1436; x_wconf 90' lang='lat' dir='ltr'>hoc</span> <span class='ocrx_word' id='word_1_133' title='bbox 1080 1399 1146 1435; x_wconf 84' lang='lat' dir='ltr'>est</span> <span class='ocrx_word' id='word_1_134' title='bbox 1183 1395 1276 1436; x_wconf 89' lang='lat' dir='ltr'>eius</span> <span class='ocrx_word' id='word_1_135' title='bbox 1308 1396 1404 1450; x_wconf 85' lang='lat' dir='ltr'>viri,</span> 
     </span>
     <span class='ocr_line' id='line_1_21' title="bbox 52 1449 1406 1507; baseline 0.004 -18"><span class='ocrx_word' id='word_1_136' title='bbox 52 1449 126 1503; x_wconf 89' lang='lat' dir='ltr'>qui</span> <span class='ocrx_word' id='word_1_137' title='bbox 165 1450 304 1491; x_wconf 86' lang='lat' dir='ltr'>omnis</span> <span class='ocrx_word' id='word_1_138' title='bbox 344 1451 517 1492; x_wconf 87' lang='lat' dir='ltr'>virtutis</span> <span class='ocrx_word' id='word_1_139' title='bbox 558 1467 608 1494; x_wconf 86' lang='lat' dir='ltr'>ac</span> <span class='ocrx_word' id='word_1_140' title='bbox 647 1452 886 1507; x_wconf 83' lang='lat' dir='ltr'>sapientiae</span> <span class='ocrx_word' id='word_1_141' title='bbox 918 1450 1078 1492; x_wconf 86' lang='lat' dir='ltr'>vindex</span> <span class='ocrx_word' id='word_1_142' title='bbox 1108 1462 1151 1492; x_wconf 84' lang='lat' dir='ltr'>et</span> <span class='ocrx_word' id='word_1_143' title='bbox 1180 1452 1406 1495; x_wconf 83' lang='lat' dir='ltr'>restitutor</span> 
     </span>
     <span class='ocr_line' id='line_1_22' title="bbox 49 1505 1404 1564; baseline 0.004 -18"><span class='ocrx_word' id='word_1_144' title='bbox 49 1505 283 1547; x_wconf 87' lang='lat' dir='ltr'>videretur.</span> <span class='ocrx_word' id='word_1_145' title='bbox 349 1507 506 1562; x_wconf 86' lang='lat' dir='ltr'>Itaque</span> <span class='ocrx_word' id='word_1_146' title='bbox 548 1509 622 1551; x_wconf 94' lang='lat' dir='ltr'>illo</span> <span class='ocrx_word' id='word_1_147' title='bbox 661 1515 854 1564; x_wconf 85' lang='lat' dir='ltr'>tempore</span> <span class='ocrx_word' id='word_1_148' title='bbox 903 1514 945 1549; x_wconf 89' lang='lat' dir='ltr'>et</span> <span class='ocrx_word' id='word_1_149' title='bbox 988 1508 1195 1564; x_wconf 81' lang='lat' dir='ltr'>proximis</span> <span class='ocrx_word' id='word_1_150' title='bbox 1247 1508 1404 1552; x_wconf 87' lang='lat' dir='ltr'>dehinc</span> 
     </span>
     <span class='ocr_line' id='line_1_23' title="bbox 50 1563 1405 1622; baseline 0.004 -19"><span class='ocrx_word' id='word_1_151' title='bbox 50 1563 197 1617; x_wconf 83' lang='lat' dir='ltr'>annis,</span> <span class='ocrx_word' id='word_1_152' title='bbox 247 1570 298 1604; x_wconf 88' lang='lat' dir='ltr'>ut</span> <span class='ocrx_word' id='word_1_153' title='bbox 335 1564 531 1620; x_wconf 85' lang='lat' dir='ltr'>videtur,</span> <span class='ocrx_word' id='word_1_154' title='bbox 582 1582 670 1608; x_wconf 86' lang='lat' dir='ltr'>non</span> <span class='ocrx_word' id='word_1_155' title='bbox 714 1580 854 1622; x_wconf 85' lang='lat' dir='ltr'>pauca</span> <span class='ocrx_word' id='word_1_156' title='bbox 895 1565 1135 1607; x_wconf 84' lang='lat' dir='ltr'>elaboravit</span> <span class='ocrx_word' id='word_1_157' title='bbox 1181 1565 1405 1608; x_wconf 86' lang='lat' dir='ltr'>literarum</span> 
     </span>
     <span class='ocr_line' id='line_1_24' title="bbox 49 1621 1404 1676; baseline 0.004 -15"><span class='ocrx_word' id='word_1_158' title='bbox 49 1626 339 1674; x_wconf 85' lang='lat' dir='ltr'>monumenta,</span> <span class='ocrx_word' id='word_1_159' title='bbox 376 1622 534 1676; x_wconf 83' lang='lat' dir='ltr'>quibus</span> <span class='ocrx_word' id='word_1_160' title='bbox 565 1624 635 1665; x_wconf 88' lang='lat' dir='ltr'>vel</span> <span class='ocrx_word' id='word_1_161' title='bbox 665 1622 857 1666; x_wconf 83' lang='lat' dir='ltr'>Socratis</span> <span class='ocrx_word' id='word_1_162' title='bbox 889 1638 1064 1664; x_wconf 84' lang='lat' dir='ltr'>causam</span> <span class='ocrx_word' id='word_1_163' title='bbox 1096 1621 1303 1674; x_wconf 71' lang='lat' dir='ltr'>defendit,</span> <span class='ocrx_word' id='word_1_164' title='bbox 1334 1624 1404 1666; x_wconf 92' lang='lat' dir='ltr'>vel</span> 
     </span>
     <span class='ocr_line' id='line_1_25' title="bbox 49 1677 1403 1737; baseline 0.004 -20"><span class='ocrx_word' id='word_1_165' title='bbox 49 1692 204 1718; x_wconf 90' lang='lat' dir='ltr'>nomen</span> <span class='ocrx_word' id='word_1_166' title='bbox 234 1677 325 1720; x_wconf 86' lang='lat' dir='ltr'>eius</span> <span class='ocrx_word' id='word_1_167' title='bbox 356 1685 486 1733; x_wconf 80' lang='lat' dir='ltr'>atque</span> <span class='ocrx_word' id='word_1_168' title='bbox 516 1679 668 1723; x_wconf 89' lang='lat' dir='ltr'>laudes</span> <span class='ocrx_word' id='word_1_169' title='bbox 697 1681 758 1721; x_wconf 87' lang='lat' dir='ltr'>ita</span> <span class='ocrx_word' id='word_1_170' title='bbox 787 1680 1038 1734; x_wconf 86' lang='lat' dir='ltr'>illustravit,</span> <span class='ocrx_word' id='word_1_171' title='bbox 1071 1688 1119 1721; x_wconf 82' lang='lat' dir='ltr'>ut</span> <span class='ocrx_word' id='word_1_172' title='bbox 1150 1679 1277 1721; x_wconf 89' lang='lat' dir='ltr'>simnl</span> <span class='ocrx_word' id='word_1_173' title='bbox 1304 1697 1403 1737; x_wconf 89' lang='lat' dir='ltr'>par-</span> 
     </span>
     <span class='ocr_line' id='line_1_26' title="bbox 48 1733 1403 1793; baseline 0.003 -18"><span class='ocrx_word' id='word_1_174' title='bbox 48 1739 115 1775; x_wconf 89' lang='lat' dir='ltr'>tes</span> <span class='ocrx_word' id='word_1_175' title='bbox 145 1733 354 1788; x_wconf 87' lang='lat' dir='ltr'>quasdam</span> <span class='ocrx_word' id='word_1_176' title='bbox 393 1751 496 1778; x_wconf 87' lang='lat' dir='ltr'>suae</span> <span class='ocrx_word' id='word_1_177' title='bbox 535 1738 673 1793; x_wconf 88' lang='lat' dir='ltr'>ipsius</span> <span class='ocrx_word' id='word_1_178' title='bbox 713 1737 934 1778; x_wconf 85' lang='lat' dir='ltr'>doctrinae</span> <span class='ocrx_word' id='word_1_179' title='bbox 978 1743 1214 1793; x_wconf 85' lang='lat' dir='ltr'>exponeret</span> <span class='ocrx_word' id='word_1_180' title='bbox 1257 1744 1301 1779; x_wconf 89' lang='lat' dir='ltr'>et</span> <span class='ocrx_word' id='word_1_181' title='bbox 1331 1753 1403 1779; x_wconf 83' lang='lat' dir='ltr'>ex-</span> 
     </span>
     <span class='ocr_line' id='line_1_27' title="bbox 47 1790 1402 1848; baseline 0.004 -17"><span class='ocrx_word' id='word_1_182' title='bbox 47 1790 240 1846; x_wconf 83' lang='lat' dir='ltr'>plicaret.</span> <span class='ocrx_word' id='word_1_183' title='bbox 301 1793 415 1833; x_wconf 88' lang='lat' dir='ltr'>Nam</span> <span class='ocrx_word' id='word_1_184' title='bbox 445 1799 676 1848; x_wconf 87' lang='lat' dir='ltr'>utrumque</span> <span class='ocrx_word' id='word_1_185' title='bbox 709 1794 935 1835; x_wconf 87' lang='lat' dir='ltr'>consilium</span> <span class='ocrx_word' id='word_1_186' title='bbox 964 1800 1053 1835; x_wconf 83' lang='lat' dir='ltr'>tam</span> <span class='ocrx_word' id='word_1_187' title='bbox 1084 1800 1200 1835; x_wconf 85' lang='lat' dir='ltr'>arcte</span> <span class='ocrx_word' id='word_1_188' title='bbox 1223 1795 1402 1836; x_wconf 89' lang='lat' dir='ltr'>coniun-</span> 
     </span>
     <span class='ocr_line' id='line_1_28' title="bbox 48 1848 1401 1905; baseline 0.004 -17"><span class='ocrx_word' id='word_1_189' title='bbox 48 1848 135 1901; x_wconf 91' lang='lat' dir='ltr'>xit,</span> <span class='ocrx_word' id='word_1_190' title='bbox 167 1854 216 1889; x_wconf 91' lang='lat' dir='ltr'>ut</span> <span class='ocrx_word' id='word_1_191' title='bbox 246 1848 351 1903; x_wconf 90' lang='lat' dir='ltr'>quid</span> <span class='ocrx_word' id='word_1_192' title='bbox 380 1850 652 1904; x_wconf 82' lang='lat' dir='ltr'>potissimum</span> <span class='ocrx_word' id='word_1_193' title='bbox 682 1851 726 1891; x_wconf 92' lang='lat' dir='ltr'>in</span> <span class='ocrx_word' id='word_1_194' title='bbox 757 1850 987 1892; x_wconf 87' lang='lat' dir='ltr'>scribendo</span> <span class='ocrx_word' id='word_1_195' title='bbox 1021 1857 1195 1892; x_wconf 87' lang='lat' dir='ltr'>secutus</span> <span class='ocrx_word' id='word_1_196' title='bbox 1227 1851 1308 1905; x_wconf 88' lang='lat' dir='ltr'>sit,</span> <span class='ocrx_word' id='word_1_197' title='bbox 1356 1867 1401 1893; x_wconf 90' lang='lat' dir='ltr'>re</span> 
     </span>
     <span class='ocr_line' id='line_1_29' title="bbox 47 1904 1402 1964; baseline 0.004 -20"><span class='ocrx_word' id='word_1_198' title='bbox 47 1919 133 1945; x_wconf 92' lang='lat' dir='ltr'>non</span> <span class='ocrx_word' id='word_1_199' title='bbox 164 1905 269 1947; x_wconf 87' lang='lat' dir='ltr'>satis</span> <span class='ocrx_word' id='word_1_200' title='bbox 299 1904 530 1962; x_wconf 85' lang='lat' dir='ltr'>diligenter</span> <span class='ocrx_word' id='word_1_201' title='bbox 561 1922 798 1964; x_wconf 88' lang='lat' dir='ltr'>perpensa,</span> <span class='ocrx_word' id='word_1_202' title='bbox 840 1907 1072 1949; x_wconf 82' lang='lat' dir='ltr'>admodum</span> <span class='ocrx_word' id='word_1_203' title='bbox 1112 1907 1268 1950; x_wconf 89' lang='lat' dir='ltr'>dubius</span> <span class='ocrx_word' id='word_1_204' title='bbox 1300 1908 1402 1950; x_wconf 89' lang='lat' dir='ltr'>hae—</span> 
     </span>
     <span class='ocr_line' id='line_1_30' title="bbox 48 1961 1401 2021; baseline 0.005 -20"><span class='ocrx_word' id='word_1_205' title='bbox 48 1975 142 2002; x_wconf 88' lang='lat' dir='ltr'>rere</span> <span class='ocrx_word' id='word_1_206' title='bbox 180 1961 338 2016; x_wconf 87' lang='lat' dir='ltr'>possis.</span> <span class='ocrx_word' id='word_1_207' title='bbox 398 1963 466 2005; x_wconf 90' lang='lat' dir='ltr'>De</span> <span class='ocrx_word' id='word_1_208' title='bbox 508 1979 594 2019; x_wconf 86' lang='lat' dir='ltr'>qua</span> <span class='ocrx_word' id='word_1_209' title='bbox 622 1980 668 2006; x_wconf 92' lang='lat' dir='ltr'>re</span> <span class='ocrx_word' id='word_1_210' title='bbox 699 1965 802 2006; x_wconf 87' lang='lat' dir='ltr'>item</span> <span class='ocrx_word' id='word_1_211' title='bbox 833 1964 1030 2019; x_wconf 89' lang='lat' dir='ltr'>pluribus</span> <span class='ocrx_word' id='word_1_212' title='bbox 1061 1965 1172 2006; x_wconf 86' lang='lat' dir='ltr'>infra</span> <span class='ocrx_word' id='word_1_213' title='bbox 1203 1964 1401 2021; x_wconf 86' lang='lat' dir='ltr'>disputa-</span> 
     </span>
     <span class='ocr_line' id='line_1_31' title="bbox 48 2016 176 2060; baseline 0.016 -2"><span class='ocrx_word' id='word_1_214' title='bbox 48 2016 176 2060; x_wconf 84' lang='lat' dir='ltr'>bitur.</span> 
     </span>
    </p>

    <p class='ocr_par' dir='ltr' id='par_1_5' title="bbox 45 2075 1401 2591">
     <span class='ocr_line' id='line_1_32' title="bbox 159 2075 1401 2132; baseline 0.003 -17"><span class='ocrx_word' id='word_1_215' title='bbox 159 2075 306 2131; x_wconf 81' lang='lat' dir='ltr'>Atque</span> <span class='ocrx_word' id='word_1_216' title='bbox 345 2076 556 2120; x_wconf 87' lang='lat' dir='ltr'>hactenus</span> <span class='ocrx_word' id='word_1_217' title='bbox 597 2078 773 2132; x_wconf 88' lang='lat' dir='ltr'>quidem</span> <span class='ocrx_word' id='word_1_218' title='bbox 812 2077 998 2119; x_wconf 81' lang='lat' dir='ltr'>vidimus</span> <span class='ocrx_word' id='word_1_219' title='bbox 1029 2077 1257 2118; x_wconf 83' lang='lat' dir='ltr'>Platonem</span> <span class='ocrx_word' id='word_1_220' title='bbox 1287 2077 1401 2120; x_wconf 88' lang='lat' dir='ltr'>inter</span> 
     </span>
     <span class='ocr_line' id='line_1_33' title="bbox 46 2130 1400 2190; baseline 0.003 -18"><span class='ocrx_word' id='word_1_221' title='bbox 46 2130 326 2188; x_wconf 90' lang='lat' dir='ltr'>philosophos</span> <span class='ocrx_word' id='word_1_222' title='bbox 356 2133 471 2176; x_wconf 92' lang='lat' dir='ltr'>illius</span> <span class='ocrx_word' id='word_1_223' title='bbox 501 2136 655 2177; x_wconf 87' lang='lat' dir='ltr'>aetatis</span> <span class='ocrx_word' id='word_1_224' title='bbox 678 2136 892 2177; x_wconf 87' lang='lat' dir='ltr'>neminem</span> <span class='ocrx_word' id='word_1_225' title='bbox 915 2134 1050 2190; x_wconf 88' lang='lat' dir='ltr'>pluris</span> <span class='ocrx_word' id='word_1_226' title='bbox 1081 2134 1238 2176; x_wconf 89' lang='lat' dir='ltr'>fecisse</span> <span class='ocrx_word' id='word_1_227' title='bbox 1271 2150 1400 2189; x_wconf 87' lang='lat' dir='ltr'>quam</span> 
     </span>
     <span class='ocr_line' id='line_1_34' title="bbox 46 2188 1398 2246; baseline 0.003 -17"><span class='ocrx_word' id='word_1_228' title='bbox 46 2188 346 2231; x_wconf 63' lang='lat' dir='ltr'>Parmeniden]</span> <span class='ocrx_word' id='word_1_229' title='bbox 384 2197 512 2246; x_wconf 87' lang='lat' dir='ltr'>atque</span> <span class='ocrx_word' id='word_1_230' title='bbox 561 2191 797 2235; x_wconf 85' lang='lat' dir='ltr'>Socratem.</span> <span class='ocrx_word' id='word_1_231' title='bbox 859 2192 1012 2246; x_wconf 83' lang='lat' dir='ltr'>Itaque</span> <span class='ocrx_word' id='word_1_232' title='bbox 1045 2194 1101 2232; x_wconf 63' lang='lat' dir='ltr'>ex&#39;</span> <span class='ocrx_word' id='word_1_233' title='bbox 1125 2191 1278 2234; x_wconf 87' lang='lat' dir='ltr'>horum</span> <span class='ocrx_word' id='word_1_234' title='bbox 1309 2191 1398 2233; x_wconf 82' lang='lat' dir='ltr'>dis-</span> 
     </span>
     <span class='ocr_line' id='line_1_35' title="bbox 48 2244 1397 2306; baseline 0.004 -22"><span class='ocrx_word' id='word_1_235' title='bbox 48 2244 207 2299; x_wconf 88' lang='lat' dir='ltr'>ciplina</span> <span class='ocrx_word' id='word_1_236' title='bbox 239 2246 421 2302; x_wconf 87' lang='lat' dir='ltr'>plurima</span> <span class='ocrx_word' id='word_1_237' title='bbox 449 2249 590 2304; x_wconf 87' lang='lat' dir='ltr'>ipsum</span> <span class='ocrx_word' id='word_1_238' title='bbox 620 2250 871 2306; x_wconf 86' lang='lat' dir='ltr'>repetiisse,</span> <span class='ocrx_word' id='word_1_239' title='bbox 916 2264 1048 2303; x_wconf 87' lang='lat' dir='ltr'>quum</span> <span class='ocrx_word' id='word_1_240' title='bbox 1085 2264 1205 2290; x_wconf 82' lang='lat' dir='ltr'>suam</span> <span class='ocrx_word' id='word_1_241' title='bbox 1238 2248 1397 2290; x_wconf 85' lang='lat' dir='ltr'>doctri-</span> 
     </span>
     <span class='ocr_line' id='line_1_36' title="bbox 47 2302 1397 2360; baseline 0.005 -20"><span class='ocrx_word' id='word_1_242' title='bbox 47 2316 146 2341; x_wconf 87' lang='lat' dir='ltr'>nam</span> <span class='ocrx_word' id='word_1_243' title='bbox 177 2302 404 2358; x_wconf 78' lang='lat' dir='ltr'>conderet,</span> <span class='ocrx_word' id='word_1_244' title='bbox 443 2306 603 2347; x_wconf 90' lang='lat' dir='ltr'>nemini</span> <span class='ocrx_word' id='word_1_245' title='bbox 639 2307 794 2349; x_wconf 86' lang='lat' dir='ltr'>mirum</span> <span class='ocrx_word' id='word_1_246' title='bbox 834 2305 1066 2347; x_wconf 87' lang='lat' dir='ltr'>videbitur.</span> <span class='ocrx_word' id='word_1_247' title='bbox 1136 2305 1397 2360; x_wconf 76' lang='lat' dir='ltr'>Quanquam</span> 
     </span>
     <span class='ocr_line' id='line_1_37' title="bbox 47 2357 1396 2414; baseline 0.004 -16"><span class='ocrx_word' id='word_1_248' title='bbox 47 2357 132 2399; x_wconf 85' lang='lat' dir='ltr'>hoc</span> <span class='ocrx_word' id='word_1_249' title='bbox 161 2358 267 2400; x_wconf 75' lang='lat' dir='ltr'>fecit</span> <span class='ocrx_word' id='word_1_250' title='bbox 297 2360 383 2414; x_wconf 90' lang='lat' dir='ltr'>sic,</span> <span class='ocrx_word' id='word_1_251' title='bbox 422 2369 469 2403; x_wconf 87' lang='lat' dir='ltr'>ut</span> <span class='ocrx_word' id='word_1_252' title='bbox 511 2363 617 2404; x_wconf 89' lang='lat' dir='ltr'>nihil</span> <span class='ocrx_word' id='word_1_253' title='bbox 648 2380 734 2405; x_wconf 91' lang='lat' dir='ltr'>non</span> <span class='ocrx_word' id='word_1_254' title='bbox 767 2363 822 2404; x_wconf 92' lang='lat' dir='ltr'>ad</span> <span class='ocrx_word' id='word_1_255' title='bbox 852 2378 975 2405; x_wconf 88' lang='lat' dir='ltr'>suam</span> <span class='ocrx_word' id='word_1_256' title='bbox 1005 2362 1215 2404; x_wconf 85' lang='lat' dir='ltr'>rationem</span> <span class='ocrx_word' id='word_1_257' title='bbox 1245 2362 1396 2404; x_wconf 89' lang='lat' dir='ltr'>immu-</span> 
     </span>
     <span class='ocr_line' id='line_1_38' title="bbox 46 2415 1395 2476; baseline 0.006 -21"><span class='ocrx_word' id='word_1_258' title='bbox 46 2415 226 2469; x_wconf 86' lang='lat' dir='ltr'>taverit,</span> <span class='ocrx_word' id='word_1_259' title='bbox 280 2417 422 2459; x_wconf 85' lang='lat' dir='ltr'>onmia</span> <span class='ocrx_word' id='word_1_260' title='bbox 461 2434 539 2462; x_wconf 92' lang='lat' dir='ltr'>suo</span> <span class='ocrx_word' id='word_1_261' title='bbox 578 2436 696 2462; x_wconf 90' lang='lat' dir='ltr'>more</span> <span class='ocrx_word' id='word_1_262' title='bbox 735 2420 1024 2476; x_wconf 82' lang='lat' dir='ltr'>exploraverit</span> <span class='ocrx_word' id='word_1_263' title='bbox 1062 2426 1106 2460; x_wconf 93' lang='lat' dir='ltr'>et</span> <span class='ocrx_word' id='word_1_264' title='bbox 1145 2418 1201 2460; x_wconf 87' lang='lat' dir='ltr'>ad</span> <span class='ocrx_word' id='word_1_265' title='bbox 1242 2434 1395 2463; x_wconf 86' lang='lat' dir='ltr'>causas</span> 
     </span>
     <span class='ocr_line' id='line_1_39' title="bbox 47 2475 1394 2529; baseline 0.005 -17"><span class='ocrx_word' id='word_1_266' title='bbox 47 2486 149 2513; x_wconf 89' lang='lat' dir='ltr'>suas</span> <span class='ocrx_word' id='word_1_267' title='bbox 180 2475 463 2516; x_wconf 83' lang='lat' dir='ltr'>revocaverit.</span> <span class='ocrx_word' id='word_1_268' title='bbox 522 2477 695 2519; x_wconf 86' lang='lat' dir='ltr'>Etenim</span> <span class='ocrx_word' id='word_1_269' title='bbox 725 2484 894 2519; x_wconf 79' lang='lat' dir='ltr'>tantum</span> <span class='ocrx_word' id='word_1_270' title='bbox 927 2476 1089 2529; x_wconf 87' lang='lat' dir='ltr'>abfuit,</span> <span class='ocrx_word' id='word_1_271' title='bbox 1121 2482 1171 2517; x_wconf 86' lang='lat' dir='ltr'>ut</span> <span class='ocrx_word' id='word_1_272' title='bbox 1201 2475 1394 2519; x_wconf 88' lang='lat' dir='ltr'>divinum</span> 
     </span>
     <span class='ocr_line' id='line_1_40' title="bbox 45 2528 1394 2591; baseline 0.005 -23"><span class='ocrx_word' id='word_1_273' title='bbox 45 2528 242 2571; x_wconf 84' lang='lat' dir='ltr'>Platonis</span> <span class='ocrx_word' id='word_1_274' title='bbox 273 2529 495 2589; x_wconf 83' lang='lat' dir='ltr'>ingenium</span> <span class='ocrx_word' id='word_1_275' title='bbox 521 2533 565 2575; x_wconf 88' lang='lat' dir='ltr'>in</span> <span class='ocrx_word' id='word_1_276' title='bbox 594 2535 647 2577; x_wconf 86' lang='lat' dir='ltr'>iis</span> <span class='ocrx_word' id='word_1_277' title='bbox 679 2535 997 2589; x_wconf 86' lang='lat' dir='ltr'>acquiesceret,</span> <span class='ocrx_word' id='word_1_278' title='bbox 1040 2548 1151 2588; x_wconf 87' lang='lat' dir='ltr'>quae</span> <span class='ocrx_word' id='word_1_279' title='bbox 1191 2548 1215 2574; x_wconf 89' lang='lat' dir='ltr'>a</span> <span class='ocrx_word' id='word_1_280' title='bbox 1258 2534 1394 2591; x_wconf 84' lang='lat' dir='ltr'>magi-</span> 
     </span>
    </p>
   </div>
   <div class='ocr_carea' id='block_1_5' title="bbox 52 2656 265 2663">
    <p class='ocr_par' dir='ltr' id='par_1_6' title="bbox 52 2656 265 2663">
     <span class='ocr_line' id='line_1_41' title="bbox 52 2656 265 2663; baseline 0 376"><span class='ocrx_word' id='word_1_281' title='bbox 52 2656 265 2663; x_wconf 95' lang='lat' dir='ltr'> </span> 
     </span>
    </p>
   </div>
   <div class='ocr_carea' id='block_1_6' title="bbox 101 2723 1389 2810">
    <p class='ocr_par' dir='ltr' id='par_1_7' title="bbox 101 2723 1389 2810">
     <span class='ocr_line' id='line_1_42' title="bbox 101 2723 1389 2804; baseline 0.003 -49"><span class='ocrx_word' id='word_1_282' title='bbox 101 2723 130 2763; x_wconf 79' lang='grc'>*)</span> <span class='ocrx_word' id='word_1_283' title='bbox 154 2723 198 2757; x_wconf 86' lang='lat' dir='ltr'>V.</span> <span class='ocrx_word' id='word_1_284' title='bbox 220 2723 350 2804; x_wconf 55' lang='grc' dir='ltr'>ὃίἒὲος.</span> <span class='ocrx_word' id='word_1_285' title='bbox 384 2725 527 2759; x_wconf 78' lang='lat' dir='ltr'>Laert</span> <span class='ocrx_word' id='word_1_286' title='bbox 575 2726 630 2761; x_wconf 81' lang='lat' dir='ltr'>nl.</span> <span class='ocrx_word' id='word_1_287' title='bbox 661 2726 716 2761; x_wconf 81' lang='lat'>35.</span> <span class='ocrx_word' id='word_1_288' title='bbox 748 2727 803 2761; x_wconf 78' lang='lat'>38.</span> <span class='ocrx_word' id='word_1_289' title='bbox 855 2725 1151 2768; x_wconf 79' lang='lat' dir='ltr'>Olympiodor.</span> <span class='ocrx_word' id='word_1_290' title='bbox 1190 2726 1263 2758; x_wconf 79' lang='lat' dir='ltr'>Vit.</span> <span class='ocrx_word' id='word_1_291' title='bbox 1303 2726 1389 2760; x_wconf 64' lang='lat' dir='ltr'>Fiat.</span> 
     </span>
     <span class='ocr_line' id='line_1_43' title="bbox 160 2780 299 2810; baseline -0.022 -7"><span class='ocrx_word' id='word_1_292' title='bbox 160 2780 191 2810; x_wconf 81' lang='lat' dir='ltr'>p.</span> <span class='ocrx_word' id='word_1_293' title='bbox 293 2794 299 2800; x_wconf 95' lang='lat'>.</span> 
     </span>
    </p>
   </div>
  </div>
 </body>
</html>
