1644 3039
459 176 557 217 AD
600 172 1007 216 CRITONEM.
1333 173 1407 213 187

61 304 186 332 suum
227 288 405 329 iusserit
442 286 497 329 ad
535 301 754 329 sermones
792 286 894 328 olim
937 291 1161 343 peroratos
1200 298 1278 325 nec
1310 297 1411 324 vero

2 354 8 379 ἒ
60 360 244 400 usquam
272 344 428 387 litteris
459 343 725 400 perscriptos
748 343 976 398 respicere.
1037 341 1177 395 Quasi
1200 356 1303 382 vero
1327 355 1413 381 non

0 914 8 1193 -——..:,c-»;==--.=-
0 873 6 894 „-
1 818 5 838 „-
2 770 4 779 ἡ

0 1248 8 1319 :gfff-⁴
0 1195 8 1257 ,ρ-ςι

0 1325 8 1382 ς

10 439 11 443 ,
60 403 158 458 ipsa
189 401 442 457 scriptienis
472 400 584 442 ratio
612 400 673 442 ita
703 399 874 452 tulerit,
918 407 967 441 ut
1002 413 1117 441 nunc
1155 396 1414 439 commodis-

5 481 7 483 ·
60 460 166 502 sime
197 458 259 500 ita
289 458 381 500 fieri
399 464 561 514 posset.
607 456 697 500 Sed
726 456 948 499 mittamus
979 457 1062 498 ista
1092 454 1272 507 somnia⁷
1304 469 1414 508 quae

62 516 168 558 satis
201 521 267 558 est
296 530 373 570 per
402 514 673 557 occasionem
703 513 836 555 verbo
869 511 1283 555 comniemoravisse.
1329 510 1415 552 Re-

62 572 270 615 vertimur
299 571 355 613 ad
384 570 451 624 id,
482 570 596 613 unde
627 570 867 626 paullulum
898 569 1084 627 digressi
1115 583 1274 612 sumus.
1334 567 1413 608 Vi-

63 629 222 671 dentur
260 628 394 685 igitur
432 628 477 669 in
515 627 696 670 Critone
728 626 871 668 omnia
901 642 996 669 esse
1030 625 1280 679 Socratica,
1315 624 1417 666 licet

63 686 108 728 in
136 701 187 728 eo
217 685 509 742 reperiantur,
555 699 666 739 quae
703 684 756 725 ab
788 683 884 738 ipso
918 684 1101 725 Platone
1140 683 1209 724 vel
1240 682 1415 724 uberius

66 748 274 785 exornata
313 741 382 784 vel
421 742 578 784 rationi
616 741 866 784 Socraticae
899 741 1211 782 convenienter
1241 740 1419 781 inventa

65 799 355 854 subtiliusque
379 799 576 855 exposita
596 799 696 841 sint.
758 797 931 839 Etenim
959 797 1065 840 illud
1087 796 1275 852 quidem,
1303 795 1419 851 quod

66 856 132 898 vir
155 856 502 911 sapientissimus
522 872 562 912 p.
577 857 647 897 46.
670 854 707 896 C
725 869 826 909 sqq.
852 855 1019 907 statuit,
1039 855 1084 895 in
1111 854 1225 895 vitae
1250 853 1419 895 actione

67 913 363 969 imprimisque
384 912 429 954 in
447 912 621 953 virtutis
644 911 974 954 excercitatione
995 927 1081 952 non
1108 925 1291 966 magnae
1314 909 1421 951 mul-

67 969 268 1012 titudinis
291 969 367 1011 sed
386 976 529 1011 rectae
548 969 729 1010 rationis
751 968 915 1010 iudicia
936 967 1153 1009 audienda
1174 982 1284 1020 esse,
1304 966 1421 1008 nullo

70 1028 158 1068 fere
182 1027 357 1083 negotio
377 1026 639 1081 perspicitur
661 1025 857 1067 Socratis
879 1025 1070 1081 germani
1093 1024 1268 1080 ingenio
1291 1030 1422 1078 atque

70 1083 260 1126 moribus
290 1083 416 1139 plane
441 1097 535 1125 esse
559 1083 839 1136 conveniens,
861 1083 991 1124 sicuti
1009 1082 1077 1123 vel
1103 1082 1176 1122 illa
1203 1081 1421 1133 evincunt,

71 1155 182 1195 quae
206 1139 258 1182 de
281 1155 331 1181 eo
355 1152 584 1181 narrantur
602 1140 682 1181 Xe
696 1139 850 1194 noph.
869 1140 1005 1181 Mem.
1023 1139 1102 1179 IV.
1122 1141 1163 1190 4,
1183 1140 1220 1179 2.
1248 1138 1421 1180 Hellen.

70 1198 108 1239 I.
130 1199 167 1238 7.
188 1198 279 1238 9—
295 1199 358 1238 16.
380 1196 593 1237 Platon.
616 1196 745 1252 Apol.
771 1196 892 1239 Socr.
916 1212 956 1251 p.
982 1197 1050 1237 32.
1071 1195 1107 1237 C
1135 1210 1198 1249 sq.
1231 1210 1424 1249 praeser-

71 1254 148 1296 tim
179 1269 311 1308 quum
338 1252 480 1309 ipsum
509 1254 637 1294 etiam
669 1259 840 1294 constet
878 1253 1082 1294 virtutem
1113 1251 1168 1294 ad
1201 1252 1425 1293 scientiam

72 1310 295 1363 retulisse,
350 1310 523 1364 qualem
571 1326 658 1352 non
698 1310 828 1366 vulgo
862 1309 938 1352 sed
970 1309 1239 1365 sapientibus
1282 1309 1425 1351 obtin-

73 1383 176 1425 gere
221 1381 350 1424 posse
398 1373 737 1408 consentaneum
790 1373 868 1409 est.
910 1384 950 1408 v.
992 1366 1193 1423 Prolegrr.
1241 1365 1296 1407 ad
1339 1366 1425 1407 La-

74 1424 188 1467 chet.
218 1430 262 1465 et
294 1422 514 1465 Charmid.
548 1423 650 1464 edit.
684 1425 722 1465 2.
782 1424 921 1466 Porro
953 1423 1070 1478 quod
1102 1401 1202 1464 inde
1235 1438 1259 1464 a
1289 1439 1331 1479 p.
1357 1424 1428 1464 47.

74 1481 133 1523 D.
165 1480 432 1536 disputatur,
473 1480 682 1536 neglectis
722 1481 765 1521 in
797 1479 966 1536 agendo
1006 1480 1266 1536 sapientium
1297 1486 1426 1534 atque

75 1537 213 1594 ipsius
243 1536 483 1592 sapientiae
514 1536 686 1580 iudiciis
715 1537 880 1594 negligi
899 1537 1027 1579 etiam
1056 1537 1265 1578 iustitiam
1298 1543 1429 1591 atque

76 1594 335 1651 probitatem
375 1608 513 1647 eoque
553 1594 650 1650 ipso
692 1594 820 1636 etiam
861 1594 1048 1635 animum
1086 1594 1147 1636 ita
1196 1593 1429 1648 corrumpi,

77 1657 127 1693 ut
155 1651 268 1693 vitae
296 1650 481 1707 pretium
511 1650 741 1707 perdatur,
785 1657 853 1693 est
891 1651 1087 1707 profecto
1127 1651 1211 1693 hoc
1256 1665 1431 1706 quoque

77 1708 205 1765 plane
235 1706 519 1750 Socraticum.
577 1707 693 1749 Nam
733 1723 867 1763 quum
909 1708 1046 1749 virtus
1079 1707 1318 1750 secundum
1351 1708 1433 1750 So-

79 1770 240 1807 cratem
270 1779 324 1806 ex
355 1779 442 1806 una
471 1764 653 1806 maxime
683 1764 894 1819 sapientia
914 1764 1173 1818 efflorescat,
1206 1770 1321 1807 certe
1353 1779 1432 1806 nec

79 1822 172 1864 fieri
220 1827 388 1878 potest,
438 1821 543 1875 quin
588 1821 848 1877 sapientium
895 1822 1171 1878 opinionibus
1222 1821 1433 1878 neglectis

79 1878 219 1921 omnis
260 1878 352 1920 eius
395 1877 489 1919 laus
532 1877 806 1933 deperdatur.
867 1877 999 1931 Quod
1029 1885 1174 1920 autem
1204 1879 1319 1921 facta
1347 1879 1434 1920 vir-

80 1935 186 1977 tutis
216 1934 487 1989 maximeque
516 1935 708 1977 iustitiae
739 1936 905 1977 iactura
936 1936 1065 1977 etiam
1104 1936 1217 1977 vitae
1246 1936 1433 1977 fructum

81 1992 216 2034 ullum
245 2005 338 2034 esse
365 1997 570 2048 negatur,
602 1992 846 2034 meminisse
877 1993 1058 2047 iuvabit,
1093 1991 1317 2036 Socratem
1347 1993 1435 2034 vir-

81 2049 166 2091 tuti
195 2054 414 2103 tamquam
444 2048 640 2090 ultimum
670 2049 800 2091 finem
816 2050 1086 2106 propositum
1119 2064 1214 2092 esse
1245 2050 1434 2092 voluisse

83 2105 306 2148 felicitatis
346 2120 396 2148 ac
435 2105 654 2149 beatitatis
683 2122 858 2148 sensum
900 2105 1098 2161 adeoque
1140 2107 1303 2149 bonum
1333 2107 1437 2148 item

84 2162 192 2204 utile
222 2177 316 2204 esse
348 2163 583 2205 censuisse.
626 2180 666 2205 V.
697 2163 946 2219 Xenoph.
978 2164 1112 2205 Mem.
1144 2163 1229 2206 ΙΙΙ.
1262 2165 1312 2216 3,
1346 2165 1436 2205 2-

86 2220 126 2261 3.
156 2218 238 2260 IV.
270 2219 323 2272 6,
356 2220 394 2262 8.
425 2221 463 2261 9.
496 2220 550 2261 al.
611 2219 755 2274 Quam
797 2220 970 2275 quidem
1010 2221 1271 2263 sententiam
1312 2221 1438 2262 Plato

87 2275 150 2317 sic
178 2275 483 2330 interpretatus
514 2282 602 2331 est,
643 2283 692 2319 ut
723 2277 972 2331 Socratem,
1013 2283 1166 2333 utpote
1206 2277 1310 2319 utile
1350 2293 1438 2320 non

88 2337 257 2374 tantum
291 2330 347 2372 ad
386 2331 498 2374 vitae
530 2333 754 2376 commoda
792 2341 834 2376 et
863 2334 1072 2375 utilitates
1115 2333 1193 2376 sed
1223 2334 1352 2376 etiam
1383 2334 1439 2376 ad

88 2394 250 2430 rectam
290 2388 444 2430 mentis
486 2390 795 2432 conscientiam
837 2391 1051 2445 animique
1081 2391 1440 2446 tranquillitatem

88 2445 305 2500 pertinere
334 2445 586 2487 arbitratum
619 2452 808 2490 statuere
839 2448 1039 2501 iusserit⁷
1069 2447 1201 2489 vitam
1232 2448 1325 2489 sine
1356 2448 1442 2490 vir-

89 2508 182 2544 tute
212 2501 384 2544 omnino
426 2518 514 2544 non
544 2503 717 2545 vitalem
743 2504 926 2547 iudicari
958 2510 1172 2560 oportere.
1233 2505 1333 2561 Ipse
1367 2520 1442 2547 au-

90 2564 178 2600 tem
217 2574 310 2601 eam
348 2565 500 2615 postea
540 2559 676 2602 multo
717 2561 844 2603 etiam
885 2561 1096 2603 illustrius
1143 2562 1369 2604 exornavit
1398 2563 1443 2604 in

93 2613 259 2672 Gorgia
288 2631 331 2671 p.
362 2617 460 2658 469.
495 2615 531 2659 C
556 2631 650 2672 sqq.
684 2634 728 2673 p.
759 2620 856 2660 470.
885 2620 967 2661 477
997 2633 1091 2672 sqq.
1124 2633 1209 2673 quo
1240 2619 1338 2661 loco
1368 2618 1441 2661 de-

94 2673 350 2715 monstravit
388 2673 543 2716 iniuste
586 2689 714 2730 agere
746 2690 832 2717 non
862 2674 991 2717 modo
1022 2674 1180 2717 malum
1212 2690 1330 2729 esse,
1364 2675 1441 2718 sed

96 2730 282 2771 omnium
313 2730 521 2772 malorum
553 2731 797 2774 maximum.
858 2731 947 2776 Sed
988 2731 1095 2773 haec
1127 2738 1255 2787 atque
1287 2733 1442 2775 similia
