1644 3039
231 190 562 234 APOLOGIA
595 187 926 242 SOCRAT1S‚
967 188 1015 229 P.
1053 189 1115 228 19.
1147 187 1212 230 St.
1336 188 1385 226 (57

40 308 198 362 ἤκουσέ
223 325 288 359 τις
305 307 428 364 ὑμῶν
455 310 558 364 ἐμοῦ
586 311 680 363 περὶ
703 309 788 348 τῶν
820 305 1035 350 τοιούτων
1060 306 1387 359 διαλεγομένου·

41 380 113 420 καὶ
154 381 197 418 ἐκ
233 375 404 419 τούτων
442 374 678 430 γνώσεσθε,
713 371 783 417 ὅτι
814 374 975 417 τοιαῦτ’
1012 376 1099 417 ἐστὶ
1139 375 1209 414 καὶ
1250 364 1387 411 τᾶλλα

43 446 140 502 περὶ
176 446 278 499 ἐμοῦ
317 442 344 485 ἂ
383 447 423 486 οὶ
459 445 609 485 πολλοὶ
648 447 857 495 λέγουσιν.

143 508 254 571 Cap.
293 507 374 553 IV.
409 510 538 552 Ἀλλά
565 509 648 565 γάρ
673 509 771 552 οὔτε
796 510 964 550 τούτων
984 505 1109 549 οὐδέν
1133 511 1261 553 ἐστιν,
1290 502 1389 546 οὐῦε

43 575 75 634 γ’
116 577 153 621 εἴ
171 594 290 628 τινος
317 576 548 631 ἀκηκόατε,
571 575 626 626 (ὃς
645 576 723 629 ἐγώ
749 576 966 618 παιδεύειν
986 576 1180 629 ἐπιχειρῶ
1204 568 1389 624 ανθρώ-

45 662 154 695 πους
181 647 252 687 καὶ
267 643 474 700 χρήματα
505 643 771 699 πράττωμαι,
797 642 896 685 οὐδὲ
923 643 1054 685 τυῦτυ
1076 641 1258 692 αλῃθες.
1300 639 1387 680 ἐπεὶ

44 715 115 756 καὶ
152 710 286 754 τοῦτο’
322 716 366 765 γέ
399 729 475 766 μοι,
511 713 627 754 δοκεῖ
660 709 795 753 καλὸν
833 709 955 759 εἶναι,
989 708 1026 749 εἴ
1053 725 1117 756 τις
1140 705 1234 755 οἷός
1264 705 1294 746 τ’
1328 706 1391 756 εἴη

46 778 264 822 παιδεύειν
279 777 568 834 ἀνθρώπους,
587 777 724 831 ὥςπερ
738 780 928 833 Γοργίας
943 794 984 818 τε
1007 772 1029 817 ὁ
1046 778 1299 822 Λεοντῖνος,
1318 775 1389 814 καὶ

47 888 188 922 Herm.
223 885 305 919 τοὺς
336 892 414 919 ante
448 886 594 919 πολλοὺς
618 887 892 929 circumscripsit,
919 885 994 927 quia
1022 895 1053 926 p.
1082 885 1134 918 17.
1164 883 1201 913 C.
1227 881 1394 922 simplici—

47 939 98 966 ter
123 936 288 975 scriptum
316 935 447 975 legatur
472 930 566 972 ὑμῶν
591 934 718 965 πολλοί.

138 980 177 1013 Ι).
227 980 295 1011 καὶ
325 977 369 1010 ἐκ
403 977 568 1012 τούτων
601 978 848 1021 γνώσεσθε]
899 978 956 1009 Sic
986 977 1066 1010 Vat.
1100 975 1190 1006 Ven.
1224 974 1255 1005 b.
1299 972 1394 1003 vind.

48 1027 78 1060 1.
110 1025 143 1060 4.
174 1025 205 1059 6.
241 1025 331 1058 Flor.
367 1025 399 1059 d.
425 1037 457 1067 g.
494 1026 525 1058 li.
561 1027 640 1058 Par.
671 1026 737 1059 DS.
778 1027 820 1058 V.
847 1021 981 1059 τούτου,
1007 1021 1098 1064 quod
1124 1023 1262 1052 servant
1291 1019 1395 1050 Bek-

49 1073 132 1105 ker.
158 1076 192 1103 et
216 1071 436 1103 Turicenses.
464 1083 493 1105 v.
520 1082 593 1104 ann.

138 1117 221 1159 Cap.
249 1116 303 1150 lV.
331 1113 434 1149 οὐδέ
459 1113 494 1160 γ’
519 1119 562 1149 εἴ
582 1119 724 1160 τινος]
754 1117 882 1150 ssekk.
909 1115 1061 1147 correxit
1083 1110 1164 1144 οὔτε
1188 1122 1234 1153 γε,
1261 1115 1398 1153 praeter

48 1163 210 1195 librorum
237 1163 336 1195 fidem
365 1168 398 1196 et
424 1164 512 1196 nulla
538 1170 683 1206 urgente
707 1165 930 1196 necessitate.

142 1209 181 1241 E.
215 1208 344 1241 τοῦτο’
370 1209 416 1251 γέ
441 1221 512 1248 μοι
537 1209 681 1251 δοκεῖ]

725 1210 904 1242 Bekker.
932 1217 1006 1238 cum
1034 1206 1112 1238 Par.
1140 1204 1177 1238 S,
1203 1204 1283 1236 Yat.
1310 1214 1339 1235 a.
1370 1203 1400 1233 1).

52 1254 137 1288 Zitt.
164 1250 193 1296 γ’
218 1254 290 1293 ἐμοὶ
316 1253 345 1289 ὅ.
396 1255 469 1287 Non
496 1267 603 1297 opus.
637 1266 736 1297 quum
773 1264 961 1298 pronomen
997 1263 1060 1283 non
1093 1251 1216 1282 habeat
1243 1247 1399 1279 zo'rcumr.

52 1310 83 1332 v.
109 1300 149 1332 ad
181 1301 362 1342 Protagor.
389 1313 419 1343 p.
444 1302 522 1335 342.
550 1304 592 1339 Α,
619 1303 749 1334 Criton.
778 1313 806 1343 p.
834 1301 890 1334 45.
919 1300 957 1331 Ι).

54 1391 153 1422 πόλιν
184 1395 304 1425 ποιεῖν.
359 1392 460 1423 Plura
495 1393 621 1434 collegi
648 1392 689 1422 ad

52 1437 159 1477 Gorg.
177 1436 498 1478 p.447.A.Reip.1.
517 1438 688 1478 p 335.E.

52 1483 105 1516 Cf.
131 1482 296 1525 Reisig.
330 1483 371 1514 ad
403 1482 565 1524 Sopliocl.
601 1483 689 1516 Oed.

0 1546 1 1550 =
54 1529 128 1561 Col.
150 1540 182 1570 p.
200 1529 278 1564 326.
304 1529 424 1570 Itaque
443 1527 581 1570 τούτου,
600 1529 690 1570 qnod

0 1609 1 1621 ἢ
55 1576 154 1616 vulgo
195 1575 369 1616 legebatur
379 1600 388 1615 ,

437 1585 502 1607 uon
543 1575 692 1607 dubitavi

0 1632 1 1637 ¹
56 1631 131 1652 cnm
165 1622 294 1661 aliquot
328 1621 420 1652 libris
453 1622 603 1663 optimae
631 1631 692 1653 no-

56 1670 110 1698 tae
125 1667 156 1697 in
173 1665 302 1698 τούτων
315 1672 460 1701 mutare.
472 1687 510 1690 -
541 1668 622 1699 Mox
633 1678 693 1699 no—

56 1712 146 1744 tabis
158 1714 335 1745 verborum
345 1714 593 1753 uastationem,
609 1724 696 1755 quae

56 1758 193 1800 proprie
219 1759 263 1791 ita
279 1763 377 1790 erant
396 1759 616 1792 collocanda:
646 1760 699 1790 καὶ

58 1798 154 1835 τᾶλλα
197 1801 217 1835 ἃ
256 1804 292 1836 οἱ
330 1805 446 1835 πολλοὶ
492 1805 566 1846 περὶ
617 1803 701 1844 ἐμοῦ

61 1849 232 1892 λέγουσιν.

104 1896 188 1936 Cap.
230 1896 288 1929 [V.
335 1892 451 1927 Ἀλλὰ
494 1893 572 1938 γὰρ
607 1894 702 1928 οὔτε

60 1939 225 1973 τούτων
256 1937 386 1973 οὐδέν
422 1939 554 1980 ἐστιν,
596 1939 702 1974 οὐδὲ

60 1983 167 2029 y'—]
187 1986 411 2029 Progreditm·
423 1988 465 2020 ad
479 1989 577 2021 aliam
591 1989 702 2021 crimi-

60 2034 229 2066 nationem
247 2035 287 2065 ab
298 2034 501 2066 adversariis
518 2035 548 2066 in
565 2046 602 2067 se
618 2045 699 2067 con-

61 2081 202 2118 iectam,
239 2081 328 2121 qnod
367 2084 401 2111 et
436 2080 620 2122 discipulos
656 2082 703 2113 in-

61 2126 221 2158 stitueret
238 2131 272 2158 et
304 2126 497 2158 mercedem
517 2128 560 2158 ab
580 2127 698 2159 iisdem

63 2172 229 2213 exigeret.
250 2182 280 2204 v.
296 2172 482 2214 Aristop
497 2171 526 2206 Ιι.
552 2173 640 2206 Nub.
671 2184 701 2207 v.

62 2216 118 2250 98.
151 2217 265 2250 Quam
288 2219 445 2258 quoniam
480 2220 525 2250 ita
551 2230 703 2252 comme—

64 2266 188 2302 morat,
211 2268 250 2294 ut
275 2273 350 2295 cum
365 2264 533 2304 gravitate
556 2267 702 2307 quadam

66 2318 140 2340 eam
167 2308 324 2340 subiiciat
347 2309 405 2350 ini,
433 2311 476 2341 de
500 2321 566 2351 qua
587 2311 705 2344 hacte—

64 2363 130 2386 nus
157 2353 303 2394 dixerat,
329 2360 408 2396 post
433 2353 512 2387 οὔτε
535 2362 628 2389 recte
655 2358 703 2389 in-

66 2399 175 2432 sertur
200 2395 284 2431 οὐδὲ
307 2411 354 2441 γε,
375 2401 465 2442 quod
487 2412 593 2444 nuper
609 2403 706 2435 Hir-

67 2444 201 2486 schig.
249 2450 378 2478 temere
417 2447 587 2480 Graecum
629 2460 707 2481 esse

66 2492 214 2533 negauit.
255 2491 327 2524 Sed
353 2503 383 2526 v.
409 2493 491 2526 infra
520 2505 551 2535 p.
583 2494 635 2528 30.
666 2495 705 2526 Β.

67 2536 119 2570 33.
158 2537 197 2568 D.
232 2537 277 2571 40
322 2538 361 2569 D.
413 2539 461 2571 De
485 2539 576 2582 Rep.
611 2542 649 2574 ll.
676 2553 707 2583 p.

67 2582 135 2616 367
182 2582 221 2615 C.
254 2583 297 2618 X.
332 2595 363 2626 p.
397 2585 475 2619 608.
510 2585 551 2617 B.
579 2587 708 2620 Criton.

69 2638 103 2670 p.
115 2628 171 2662 52.
185 2629 223 2662 E.
235 2630 366 2672 Legg.l
393 2642 422 2672 ρ,
434 2631 559 2665 628.Α.
571 2633 708 2665 Politic.

71 2674 230 2716 p.271.E.
245 2676 562 2720 Parmenid.p.157.
576 2678 710 2710 mrim.

72 2729 104 2761 p.
132 2720 187 2754 20.
213 2722 256 2755 B.
290 2722 392 2755 Plura
420 2725 521 2756 etiam
549 2724 711 2766 suppedi-

74 2765 195 2798 tabunt
210 2767 359 2800 Brunck.
388 2770 431 2802 ad
451 2770 566 2811 Eurip.
596 2771 711 2804 Orest.

74 2821 106 2844 v,
137 2812 217 2845 295.
251 2813 480 2849 Heindorf.
515 2817 556 2848 ad
583 2817 709 2859 Cratyl.

760 1403 793 1433 p.
822 1392 877 1425 97.
908 1390 1048 1422 Herm.
1076 1388 1120 1419 ad
1140 1387 1254 1428 Viger.
1277 1398 1307 1428 p.
1324 1386 1401 1420 836.

762 1439 877 1478 ltaque
916 1446 1023 1476 neque
1068 1445 1142 1466 cnm
1189 1432 1403 1465 Fiscliero

761 1479 843 1514 ἀλλὰ
877 1480 939 1524 γὰρ
975 1477 1057 1512 οὐδὲ
1088 1477 1219 1511 τούτων
1249 1481 1405 1511 scriben-

763 1531 840 1562 dum
869 1530 1024 1567 videtur,
1058 1537 1165 1568 neque
1199 1535 1271 1558 rum
1303 1526 1404 1559 Bek-

763 1577 866 1608 kero
896 1572 938 1606 οὕ
963 1573 995 1605 τέ
1021 1568 1048 1614 γ’
1075 1574 1110 1604 εἴ
1129 1580 1220 1603 τινος
1246 1572 1311 1603 κτλ.

811 1623 878 1654 καὶ
912 1619 1103 1661 χρήματα
1144 1615 1405 1661 πράττομαι]

765 1668 855 1700 idem
891 1672 941 1699 est
968 1665 1059 1708 qnod
1084 1662 1214 1704 μισθὸν
1241 1666 1300 1706 τῆς
1326 1675 1406 1696 συν-

767 1716 889 1745 ουσίας
943 1710 1153 1753 πράττεσθαι
1201 1722 1254 1753 ap.
1305 1711 1406 1744 Xen.

767 1761 859 1792 Mem
899 1760 930 1791 Ι.
957 1760 989 1797 2,
1015 1758 1060 1791 60
1080 1783 1087 1796 ‚
1114 1768 1180 1798 qno
1207 1758 1282 1789 loco
1302 1763 1408 1790 testa-

767 1811 821 1838 tur
860 1804 1051 1846 Xenophon
1096 1803 1276 1835 Socratem
1324 1814 1408 1835 nun—

768 1863 869 1894 quam
919 1862 937 1882 a
983 1849 1200 1882 familiaribus
1249 1850 1410 1890 exegisse

769 1897 938 1930 mercedis
963 1896 1158 1938 quidquam.
1185 1895 1274 1929 conf.
1298 1896 1409 1928 I'lat.

772 1944 872 1986 Hipp.
906 1954 937 1985 p.
970 1943 1050 1976 300.
1090 1942 1128 1974 D.
1167 1940 1350 1983 Enthyphr.
1377 1953 1407 1984 p.

768 1990 800 2024 3.
830 1991 867 2023 D.
893 1987 1091 2030 Xenopli.
1128 1986 1221 2018 Mem
1258 1988 1348 2027 1.6‚
1374 1989 1407 2022 3.

770 2038 811 2071 11
838 2047 910 2077 sqq.
937 2035 1082 2066 Conviv.
1121 2033 1145 2065 1.
1170 2033 1201 2067 5.
1254 2034 1340 2076 Legi
1368 2035 1411 2066 dv,

770 2084 832 2115 liac
876 2092 911 2114 re
952 2081 1052 2113 etiam
1091 2083 1282 2120 merentur,
1325 2091 1411 2121 qnae

771 2129 926 2170 disputat
952 2125 1242 2168 Spanliemins
1269 2126 1310 2158 ad
1336 2127 1408 2158 Ari-

771 2173 926 2216 stophan.
951 2172 1066 2205 Nubb.
1093 2182 1123 2203 v.
1149 2170 1204 2205 98.

821 2221 858 2253 E.
892 2218 983 2251 ἐπεὶ
1015 2217 1081 2249 καὶ
1118 2215 1243 2248 τοῦτό
1270 2217 1318 2259 γε’
1343 2229 1413 2256 μοι

773 2267 844 2307 -]
904 2266 1000 2297 Haec
1059 2274 1193 2305 qnoque
1237 2265 1283 2295 ita
1323 2264 1414 2296 dicta

773 2323 851 2345 esse
879 2313 991 2353 liquet,
1018 2314 1055 2341 ut
1079 2309 1307 2351 sophistarum
1333 2320 1413 2341 ava-

773 2360 851 2392 ritia
886 2362 1023 2390 notetur
1055 2366 1095 2387 ac
1121 2355 1282 2387 rideatur.
1311 2357 1415 2388 Cete-

774 2415 847 2437 rum
875 2403 1023 2445 profecit
1047 2402 1125 2433 hinc
1155 2406 1275 2433 auctor
1300 2401 1414 2433 Thea-

774 2453 826 2493 gis
853 2461 884 2490 p.
914 2448 1059 2494 1284.

820 2497 942 2528 εἴτις
969 2491 1066 2525 oiv's
1092 2489 1122 2524 τ’
1147 2492 1232 2534 εἴη]
1266 2493 1315 2524 De
1334 2504 1416 2525 con-

778 2543 964 2575 structione
978 2538 1140 2571 v.Matth.
1162 2539 1180 2579 ξ
1201 2538 1362 2572 524.0bs
1383 2539 1420 2573 3,

824 2587 1013 2629 Γοργίας
1030 2596 1070 2617 τε
1090 2581 1415 2628 ὁΛεοντῖνος-]

777 2635 833 2667 De
868 2633 917 2666 liis
944 2631 1105 2674 sophistis
1141 2641 1171 2664 v.
1206 2631 1248 2663 ad
1280 2632 1418 2664 Platon.

779 2681 856 2713 dial.
889 2679 1054 2719 Gorgiam
1089 2677 1161 2709 init.
1191 2677 1232 2709 ad
1260 2678 1416 2719 Hippiam

780 2727 859 2758 mai.
894 2725 1058 2765 Prolegg.
1091 2727 1125 2755 et
1157 2722 1198 2754 ad
1236 2724 1417 2765 Protagor.

781 2783 812 2814 p.
844 2771 923 2806 314.
956 2770 996 2803 B.
1030 2771 1071 2802 al.
1122 2769 1166 2801 Hi
1192 2779 1275 2801 vero
1300 2779 1420 2802 omnes

783 2817 982 2859 sapientiam
1029 2825 1122 2847 suam
1163 2816 1317 2848 venalem
1353 2816 1419 2848 cir-

1075 2871 1132 2912 5.
