1644 3039
203 204 280 243 ΝΟ
654 200 1083 243 PRAEFATIO

204 330 313 371 quos
352 316 396 356 in
435 315 624 368 antiquis
664 314 790 355 rebus
830 314 1015 370 publicis
1058 315 1189 370 vulgo
1221 314 1319 356 olim
1350 329 1555 371 regnasse

203 372 471 428 accepimus,
533 377 582 412 ut
641 371 758 412 cives
817 371 1100 413 communiter
1149 372 1290 428 legem
1345 371 1554 413 haberent

203 430 391 471 omnium
420 443 561 469 reruni
593 426 809 469 dominam
840 434 883 469 et
912 428 1273 484 gubernatricem,
1305 428 1376 470 cui
1406 443 1554 470 omnes

203 486 387 528 subiecti
407 499 501 527 esse
523 492 566 526 et
585 493 804 539 tamquam
825 484 937 526 ultro
969 500 1018 526 ac
1049 491 1203 541 sponte
1235 485 1395 526 servire
1427 484 1556 527 debe-

203 550 310 584 rent.
372 540 496 595 Quos
528 555 679 582 sensus
699 542 872 598 egregie
899 541 1136 583 declaravit
1158 542 1418 583 Demaratus
1440 541 1556 597 apud

203 598 472 641 Herodot.
526 598 632 639 Vll.
689 600 780 639 104.
835 599 1049 653 expressit
1096 598 1196 640 item
1246 598 1554 654 Euripides

205 655 360 712 Suppl.
391 671 430 696 v.
465 656 547 695 4:353
579 669 673 709 sqq.
720 655 832 697 conf.
868 656 996 697 etiam
1037 655 1174 699 Plat.
1215 655 1354 712 Legg.
1398 656 1483 697 III.
1514 672 1556 711 p.

207 714 304 755 700.
336 715 391 755 A.
424 713 503 753 IV.
540 728 581 767 p.
616 714 710 754 715.
758 712 855 754 coll.
888 729 929 768 p.
963 714 1058 754 689.
1091 712 1141 754 B.
1173 713 1257 754 IX.
1298 728 1340 768 p.
1375 714 1471 755 856.
1502 712 1555 755 B.

206 778 250 812 et
291 785 400 825 quae
451 775 600 811 nostra.
649 776 790 810 aetate
841 769 893 810 de
933 769 1016 811 illis
1059 770 1234 825 scripsit
1283 769 1560 812 R'otscher

205 826 520 882 Aristophanes
560 841 600 867 u.
641 826 733 868 sein
772 826 979 867 Zeitalter
1015 843 1042 883 p
1097 828 1164 868 80.
1202 843 1243 883 p.
1284 828 1351 868 92.
1391 842 1434 882 p.
1475 827 1557 868 258

207 900 301 939 sqq.
334 898 594 939 quamquam
633 883 669 924 is
710 882 762 923 de
796 882 975 925 Socrate
1016 899 1140 926 secus
1178 884 1342 926 statuit.
1402 886 1464 925 At
1494 884 1557 925 ni-

205 943 358 983 mirum
409 940 479 982 hic
528 939 631 993 quid
671 941 875 994 senserit,
927 940 1162 982 clarissime
1204 940 1402 996 exposuit
1456 940 1558 983 Xe-

206 998 364 1054 noph.
396 998 529 1039 Mem.
563 997 641 1040 IV.
671 1000 710 1038 4.
751 997 824 1038 ubi
869 1013 966 1038 eum
1012 1013 1109 1039 cum
1139 997 1308 1053 Hippia
1336 997 1441 1039 fecit-
1470 1012 1559 1039 ser-

207 1055 507 1096 mocinantem.
569 1054 636 1095 Ibi
675 1054 784 1095 enim
819 1054 1020 1096 Socrates
1052 1054 1242 1096 ostendit
1270 1055 1432 1096 iustum
1464 1069 1559 1097 esse

206 1112 320 1153 idem
360 1117 489 1165 atque
525 1110 764 1166 legitimum
809 1111 879 1164 (τὸ
913 1113 1084 1152 δίκαιον
1125 1116 1213 1152 ἐστὶ
1247 1110 1297 1153 τὸ
1330 1112 1557 1165 νόμιμον).

208 1169 306 1210 Hoc
335 1166 532 1222 νόμιμον
572 1173 717 1208 autem
754 1167 847 1208 vult
875 1167 1044 1223 legibus
1075 1167 1144 1209 vel
1175 1167 1346 1223 scriptis
1375 1168 1444 1209 vel
1473 1183 1559 1209 non

208 1225 381 1281 scriptis
415 1224 642 1276 contineri,
677 1223 832 1278 quibus
855 1225 927 1279 qui
947 1224 1165 1277 obediant,
1200 1240 1272 1266 eos
1298 1224 1425 1265 etiam
1458 1223 1562 1266 deo-

209 1298 303 1323 rum
335 1297 487 1338 parere
518 1281 745 1322 voluntati.
807 1281 972 1322 Harum
1016 1297 1114 1323 vero
1154 1282 1297 1337 legum
1329 1282 1561 1324 observan-

209 1340 311 1380 tiam
354 1354 484 1393 quum
525 1338 608 1379 alia
646 1338 761 1379 bona
799 1337 958 1380 habere
999 1339 1254 1392 arbitratur,
1305 1344 1395 1379 tum
1434 1338 1561 1380 etiam

206 1396 469 1452 reipublicae
508 1395 797 1437 firmissimum
843 1395 1154 1437 munimentum
1209 1410 1257 1437 ac
1298 1395 1563 1451 praesidium

209 1468 303 1496 esse
333 1459 496 1506 censet,
529 1459 576 1493 ut
607 1452 781 1493 omnino
814 1467 863 1493 ea
894 1452 1046 1494 civitas
1067 1452 1436 1507 praestantissima
1467 1467 1562 1494 esse

209 1510 441 1552 iudicanda
473 1510 551 1562 sit,
584 1509 628 1550 in
661 1525 746 1564 qua
778 1509 893 1550 cives
924 1509 1095 1564 legibus
1125 1510 1307 1550 maxime
1342 1509 1563 1564 obtempe-

211 1576 306 1608 rent
338 1567 396 1622 (ξ.
433 1568 483 1607 10
510 1591 558 1597 -
588 1566 696 1620 18),
739 1565 843 1607 licet
873 1565 1120 1607 obedientia
1150 1566 1350 1607 civilibus
1391 1565 1562 1620 legibus

211 1624 356 1665 debita
396 1639 482 1664 non
524 1638 602 1679 per
639 1638 686 1664 se
725 1622 841 1664 iusta
878 1622 1073 1678 putanda
1113 1623 1192 1676 sit,
1235 1622 1309 1665 sed
1351 1629 1564 1678 quatenus

211 1681 327 1723 salus
361 1696 492 1735 quum
522 1681 750 1721 universae
775 1679 964 1721 civitatis
992 1686 1083 1720 tum
1106 1680 1373 1736 singulorum
1407 1679 1565 1721 civium

210 1737 484 1793 respiciatur.
546 1736 671 1790 Quae
701 1751 843 1778 nonne
870 1742 1066 1791 apertum
1090 1743 1156 1778 est
1186 1736 1434 1793 planissime
1468 1752 1564 1778 cum

211 1795 263 1836 iis
298 1794 551 1847 convenire,
593 1808 705 1848 quae
736 1793 780 1834 in
809 1792 989 1835 Critone
1021 1809 1095 1847 eo,
1144 1809 1270 1849 quem
1300 1792 1566 1850 significavi-

214 1866 319 1906 mus,
349 1852 445 1893 loco
480 1849 782 1906 explicantur?
842 1850 1058 1892 Nimirum
1088 1851 1319 1906 utrobique
1341 1857 1456 1892 certe
1475 1850 1565 1892 veri

212 1908 419 1950 iudicium
461 1923 513 1949 ex
552 1908 656 1949 iusti
696 1907 872 1949 notione
916 1914 959 1949 et
996 1913 1138 1950 rectae
1171 1907 1353 1950 rationis
1391 1907 1563 1963 legibus

212 1965 444 2021 repetitur,
488 1979 747 2019 quamquam
779 1963 894 2020 apud
924 1964 1264 2020 Xenophontem
1295 1965 1424 2006 etiam
1452 1963 1566 2005 indi-

215 2029 364 2075 catur,
398 2028 614 2076 quatenus
646 2021 712 2062 vir
742 2021 1086 2075 sapientissimus
1117 2022 1161 2063 in
1193 2020 1373 2064 colenda
1402 2021 1567 2062 iustitia

213 2078 415 2121 utilitatis
456 2093 629 2133 quoque
668 2078 876 2119 rationem
916 2077 1159 2120 habendam
1201 2093 1295 2120 esse
1338 2077 1564 2119 censuerit.

215 2136 372 2191 Neque
412 2150 515 2177 vero
563 2134 755 2190 singula,
798 2149 907 2189 quae
946 2134 1107 2176 ibidem
1146 2150 1171 2176 a
1202 2134 1382 2177 Socrate
1424 2134 1565 2189 profe-

215 2202 395 2247 runtur,
436 2192 525 2234 ullo
566 2191 694 2233 modo
727 2191 778 2232 ab
809 2191 862 2232 iis
891 2190 1146 2245 abhorrent,
1192 2206 1301 2246 quae
1347 2190 1400 2232 de
1430 2191 1565 2246 ipsius

217 2256 360 2292 mente
390 2265 441 2291 ac
473 2248 687 2291 sententia
718 2247 890 2289 aliunde
933 2248 1111 2304 cognita
1141 2248 1362 2290 habemus.
1425 2246 1566 2300 Quale

217 2313 282 2349 est
310 2306 432 2360 illud,
466 2306 584 2361 quod
615 2305 780 2348 civitati
808 2304 878 2346 vel
908 2311 1086 2361 propter
1114 2305 1352 2358 beneficia,
1386 2319 1497 2358 quae
1528 2304 1567 2346 ei

217 2364 480 2417 debeantur,
528 2364 756 2405 maximam
786 2363 1071 2403 reverentiam
1112 2368 1153 2403 et
1183 2361 1472 2404 obedientiam
1503 2366 1568 2402 te-

217 2420 490 2464 stificandam
521 2435 616 2463 esse
646 2420 889 2461 arbitratur.
950 2419 1063 2461 Nam
1084 2419 1363 2475 exspectabat
1395 2417 1568 2473 quidem

217 2478 289 2520 ille
321 2494 345 2520 a
374 2478 538 2532 patria,
572 2493 597 2519 a
626 2476 903 2532 parentibus,
936 2477 989 2518 ab
1023 2476 1184 2530 amicis,
1218 2475 1403 2530 denique
1436 2490 1461 2515 a
1493 2489 1568 2515 ne-

220 2536 420 2577 cessariis
460 2535 694 2587 beneficia,
734 2532 811 2576 sed
849 2533 1032 2588 putabat
1070 2534 1174 2574 item
1217 2532 1442 2574 maximam
1483 2531 1568 2573 illis

220 2591 318 2634 ideo
357 2592 539 2649 gratiam
578 2591 759 2634 retribui
798 2597 997 2646 oportere
1028 2591 1208 2645 eiusque
1249 2589 1383 2631 officii
1422 2588 1568 2645 negle-

219 2650 407 2691 ctionem
438 2664 534 2691 esse
564 2649 694 2706 longe
724 2647 1013 2703 turpissimam
1048 2654 1091 2690 et
1128 2646 1474 2696 iniustissimam3
1515 2644 1568 2686 de

221 2721 307 2761 qua
336 2721 382 2748 re
411 2723 451 2747 v.
483 2706 734 2763 Xenoph.
766 2704 897 2746 Mem.
930 2704 989 2746 ΙΙ.
1026 2710 1063 2759 1,
1100 2705 1167 2746 28.
1197 2703 1256 2746 II.
1289 2705 1327 2745 ⁶2.
1362 2702 1421 2746 II.
1454 2704 1495 2756 3,
1528 2703 1568 2743 9.

220 2763 300 2805 IV.
333 2765 388 2818 4,
421 2766 488 2807 24.
547 2763 635 2806 Sed
665 2763 863 2806 nolumus
895 2761 1000 2804 haec
1030 2761 1230 2818 persequi
1262 2760 1388 2802 ctiam
1420 2758 1547 2814 copio
