1644 3039
5 1452 16 1981 ...n-*mme-
7 1430 9 1434 -
0 822 10 1416 --Δ-...-ῄ.,--ᾲ---.-Ἷ--»
1 733 5 799 nn.-

367 1075 1114 1133 PRoLEG-OMENA

711 1192 778 1223 AD

211 1283 516 1344 PLATONJS
560 1281 913 1342 APOLOfflAM
959 1278 1285 1339 SOGRATtS.

73 1504 300 1583 Apologia
350 1524 568 1578 Socratis,
618 1525 831 1566 communi
875 1538 1045 1578 semper
1092 1524 1281 1564 omnium
1323 1537 1423 1562 eon-

75 1595 274 1637 sensione
303 1593 476 1636 Platoni
507 1592 673 1634 auctori
704 1593 924 1648 adscripta
954 1592 1018 1646 ³²),
1061 1591 1139 1633 etsi
1171 1596 1259 1632 tam
1290 1590 1424 1631 veteri

77 1667 204 1707 quam
223 1651 462 1693 recentiore
485 1656 625 1692 aetate
644 1651 687 1692 in
709 1651 955 1692 criticorum
975 1647 1261 1703 quorumdam
1281 1647 1424 1689 ineur-

74 1710 131 1750 rit,
163 1707 613 1764 reprehensionem**)
645 1707 842 1762 adeoque
872 1721 1010 1762 nuper
1040 1722 1118 1760 pro
1150 1720 1280 1760 opere
1311 1719 1425 1745 sum-

74 1781 143 1808 mo
174 1765 433 1822 philosopho
463 1763 760 1806 fraudulenter
791 1763 1019 1819 supposito
1052 1762 1199 1804 habita
1227 1767 1293 1803 est
1312 1761 1424 1814 *Μὴ

74 1828 232 1876 tamen,
265 1823 415 1878 scripti
443 1821 530 1862 fine
560 1827 603 1863 et
643 1821 823 1864 consilio
854 1819 1104 1875 diligentius
1134 1818 1424 1871 considerato,

153 2026 190 2068 ⁸⁴²)
215 2024 392 2056 Laudatur
423 2021 485 2054 snb
511 2022 666 2056 Platonis
696 2022 831 2054 nomine
863 2032 882 2053 a
909 2023 1071 2066 Dionysio
1096 2022 1194 2062 Hal„
1221 2022 1425 2060 Themistto,

217 2071 360 2103 Proclo.
387 2069 485 2109 Diog.
514 2068 663 2107 Laertio,
691 2069 840 2110 Origine,
871 2069 1032 2106 Aristide,
1061 2069 1302 2102 Grammaticis
1328 2073 1424 2111 vett.³

213 2118 296 2155 aliis,
326 2116 368 2149 de
393 2115 514 2156 quibus
543 2116 703 2157 exposuit
727 2115 755 2147 Ι.
782 2114 844 2149 Fr.
888 2115 1078 2148 Fischer.
1105 2117 1186 2148 edit.
1211 2116 1243 2149 3.
1271 2126 1303 2157 p.
1334 2116 1388 2149 (56.

138 2164 189 2206 **)
214 2164 261 2196 Ut
286 2161 436 2195 Cassii
472 2161 625 2194 Severi
661 2173 712 2203 ap.
740 2161 888 2193 Senec.
917 2172 1010 2193 exce.
1039 2163 1203 2194 Controv.
1230 2163 1262 2196 3.
1289 2174 1320 2204 p.
1346 2163 1424 2196 4¹25.

107 2208 110 2212 ‘
217 2210 259 2241 T.
292 2209 349 2242 lu.
387 2208 440 2241 ed.
474 2208 629 2240 Gronov.
664 2209 719 2249 qni
751 2207 883 2249 ipsam,
925 2212 1045 2248 utpote
1082 2209 1308 2246 caussidieus,
1351 2220 1426 2242 nec

216 2259 402 2298 patrono
433 2264 510 2286 nec
548 2264 622 2287 reo
657 2255 830 2296 dignam
873 2254 1050 2291 iudicavit,
1092 2259 1126 2287 et
1166 2255 1425 2287 Forchham-

217 2301 321 2333 meri
347 2301 376 2331 in
401 2301 507 2332 libro:
534 2301 610 2333 Die
637 2299 833 2333 Athener
858 2311 888 2331 u.
914 2300 1126 2333 Socrates
1157 2312 1188 2332 v.
1216 2302 1319 2333 Peter
1342 2302 1427 2333 Wil-

217 2346 304 2378 helm
331 2345 676 2379 Forchhammer.
703 2347 830 2380 Berlin.
861 2345 956 2380 1537.
984 2346 1020 2383 S,
1054 2347 1110 2379 ubi
1137 2348 1317 2379 Platonem
1345 2358 1426 2379 cen-

217 2397 271 2424 set
296 2393 418 2424 callide
442 2392 555 2433 potius
581 2397 616 2424 et
639 2393 874 2425 fraudulenter
899 2403 1001 2434 quam
1033 2404 1114 2425 vere
1139 2393 1298 2424 Socratis
1325 2404 1426 2425 caus-

215 2450 287 2471 sam
313 2438 517 2471 defendisse.
572 2439 635 2470 Cui
668 2438 870 2471 adversatus
903 2443 955 2470 est
990 2439 1168 2471 verissime
1206 2439 1331 2471 Petrus
1364 2450 1425 2470 van

221 2485 424 2525 Limburg
455 2484 665 2516 Brouwer
694 2486 726 2516 in
758 2486 866 2517 libro:
907 2484 1077 2525 Apologia
1113 2485 1266 2517 Socratis
1306 2490 1425 2516 contra

217 2531 327 2563 Meliti
356 2531 494 2563 redivivi
519 2531 732 2563 calumniam.
760 2531 928 2571 Groning.
958 2529 1053 2563 1538.
1080 2530 1112 2564 8.
1164 2534 1278 2562 Artem
1307 2530 1426 2563 defen-

216 2577 320 2610 sionis
346 2577 466 2609 laudat
492 2577 658 2616 Dionys,
687 2577 781 2609 Hal.
828 2577 884 2608 De
910 2575 1030 2608 admir.
1057 2577 1086 2609 vi
1114 2578 1211 2610 Dem.
1239 2576 1280 2607 Τ.
1307 2576 1366 2608 vl.
1393 2588 1425 2619 p.

218 2624 317 2658 1026.
344 2627 379 2657 et
405 2626 478 2656 Art.
504 2622 607 2656 Rhet.
636 2633 664 2656 c.
690 2623 721 2657 3.
751 2624 804 2655 ed.
830 2623 952 2655 Reisk.

117 2668 198 2712 ***)
222 2669 307 2702 Nam
336 2670 395 2704 Fr.
424 2670 572 2702 Astius
606 2678 679 2700 eam
712 2679 788 2701 esse
813 2679 898 2710 opus
926 2666 1181 2708 supposititium
1213 2666 1339 2700 docere
1366 2678 1426 2699 co-

219 2721 317 2748 natus
351 2720 405 2748 est
436 2717 467 2748 in
502 2714 649 2747 Beckii
682 2715 875 2748 Comment.
916 2713 1083 2745 Societat.
1133 2713 1219 2745 Phil.
1257 2714 1426 2756 Lipsiens.

220 2761 296 2793 Vol.
331 2763 395 2793 IV.
438 2763 475 2796 Ρ.
503 2762 528 2795 l.
551 2773 584 2803 p.
609 2760 653 2794 27
679 2771 750 2803 sqq.
778 2765 812 2793 et
836 2762 866 2793 in
894 2761 980 2792 libro
1011 2760 1070 2791 De
1100 2760 1197 2792 Vita
1230 2765 1272 2793 et
1304 2761 1426 2793 Scri-

219 2808 304 2848 ptis
332 2808 443 2842 Plat.
469 2819 501 2851 p.
527 2807 594 2842 474
620 2818 693 2848 sqq.

1083 2863 1153 2902 1⁴
