1644 3039
1144 179 1356 221 xxxm

8 302 254 344 coniectura
274 314 354 341 sua
377 314 400 340 a
421 313 520 339 vero
539 297 773 338 aberrasse.
827 296 979 351 Neque
1000 303 1141 337 tamen
1164 296 1356 351 integros

6 357 106 400 illos
138 370 301 410 annos,
333 356 407 410 qui
438 369 573 409 usque
607 352 661 394 ad
692 353 807 394 vitae
848 353 977 394 finem
1010 351 1357 404 interfluxerunt,

6 412 177 456 videtur
206 413 333 455 unice
374 409 665 469 perpoliendis
695 410 816 450 libris
847 410 936 451 suis
966 408 1251 465 impendisse,
1282 408 1358 450 sed

6 471 136 513 etiam
167 470 212 512 in
233 475 456 512 senectute
479 482 591 510 nova
609 465 858 509 condidisse
880 467 1044 522 ingenii
1066 472 1357 508 monumenta.

8 527 133 582 Quae
175 526 320 582 qualia
358 525 538 578 fuerint,
573 524 655 565 etsi
699 539 785 564 non
828 529 974 578 potest
1014 530 1131 565 certo
1172 522 1358 576 definiri,

6 592 150 627 tamen
184 584 434 626 coniectura
463 581 636 635 assequi
664 581 780 622 licet.
843 580 1213 621 perlustrantibus
1246 580 1359 621 enim

7 642 134 684 nobis
164 656 333 683 omnem
356 639 679 682 Platonicorum
709 637 916 679 librorum
944 653 1168 678 numerum
1190 652 1361 692 semper

7 699 148 741 visum
179 704 248 740 est
280 711 390 752 opus
422 695 474 737 de
494 695 692 751 Legibus
715 695 925 749 seriptum
946 709 1031 735 non
1055 694 1194 735 solum
1226 693 1360 735 senile

11 754 218 810 quiddam
250 753 431 807 habere,
464 752 581 808 quod
621 768 646 792 a
687 758 930 793 ceterorum
972 750 1179 792 librorum
1209 751 1360 806 vigore

11 818 55 854 et
82 817 309 853 venustate
339 809 569 866 plurimum
604 808 802 861 distaret,
837 807 913 849 sed
946 808 1073 848 etiam
1106 806 1360 849 confirmare

7 868 296 910 narrationem
345 883 515 919 eorum,
547 866 621 921 qui
653 866 879 907 Platonem
911 864 1208 916 tradiderunt,
1240 871 1360 919 post-

10 940 138 980 quam
164 925 337 966 tertium
367 923 414 966 in
441 924 626 980 patriam
655 922 872 976 rediisset,
901 922 1088 962 animum
1121 920 1360 963 advertisse

10 989 53 1024 et
82 988 288 1036 tanquam
319 996 372 1022 ex
392 980 584 1021 idearum
604 979 884 1021 meditatione
905 978 1121 1020 remisisse
1145 978 1197 1019 ad
1219 993 1361 1020 rerum

8 1038 319 1092 humanarum,
353 1037 501 1092 quales
533 1053 578 1078 re
609 1052 711 1078 vera
741 1042 901 1090 essent,
937 1035 1360 1091 contemplationem.

10 1094 142 1149 Quod
173 1101 288 1138 certe
318 1095 478 1136 nemini
509 1094 662 1136 mirum
692 1092 924 1146 videbitur,
951 1093 1025 1147 qui
1058 1107 1203 1134 secum
1235 1107 1362 1148 repu-

8 1152 166 1195 taverit
193 1167 290 1194 cum
308 1167 450 1193 rerum
480 1167 620 1203 usum,
642 1157 733 1192 tum
765 1151 903 1205 ipsam
935 1156 1204 1191 senectutem
1233 1150 1363 1191 etiam

9 1209 483 1265 praestantissimorum
502 1208 724 1250 hominum
746 1208 912 1249 animos
945 1207 997 1249 ab
1028 1207 1097 1258 iis,
1125 1222 1236 1261 quae
1271 1206 1364 1248 sola

11 1266 175 1322 ingenii
205 1265 470 1307 sublimitate
501 1265 773 1320 attinguntur
797 1271 839 1305 et
859 1279 944 1305 una
976 1264 1130 1305 mentis
1163 1262 1363 1305 conside-

11 1324 178 1364 ratione
201 1322 514 1379 percipiuntur,
536 1336 742 1362 revocare
769 1321 907 1363 solere
938 1319 994 1362 ad
1025 1320 1212 1362 sobriam
1244 1320 1363 1375 cogi-

11 1380 220 1422 tationem
250 1394 395 1420 earum
425 1394 581 1431 rerum,
606 1393 714 1433 quae
742 1378 786 1418 in
807 1378 903 1433 ipsa
931 1378 1022 1418 vita
1051 1377 1240 1418 humana
1271 1392 1364 1419 cer-

11 1443 172 1478 nuntur
211 1442 342 1490 atque
384 1451 473 1476 non
503 1441 688 1476 mentem
718 1441 911 1487 tantum,
944 1433 1022 1476 sed
1051 1434 1179 1475 etiam
1209 1449 1364 1476 sensus

11 1493 194 1548 propius
242 1492 475 1548 attingunt.
541 1492 697 1546 Itaque
748 1491 1034 1547 philosophus
1087 1506 1219 1546 quum
1261 1491 1365 1532 olim

13 1556 156 1592 mente
195 1555 239 1591 et
279 1549 544 1605 cogitatione
584 1548 836 1604 plerumque
866 1549 911 1589 in
942 1547 1133 1590 idearum
1165 1547 1366 1590 doctrina

13 1613 126 1650 esset
163 1612 384 1660 versatus,
423 1613 631 1662 vergente
672 1612 810 1647 aetate
863 1606 1010 1661 potius
1049 1604 1104 1647 ad
1142 1604 1365 1647 hominum

12 1664 146 1706 vitam
176 1662 538 1706 considerandam
575 1663 763 1704 animum
794 1662 976 1715 adiecit,
1012 1669 1062 1704 ut
1092 1663 1217 1717 quasi
1248 1678 1365 1705 com-

12 1726 184 1776 pararet
204 1720 343 1776 ipsam
363 1735 505 1761 rerum
532 1719 759 1761 veritatem
781 1735 879 1761 cum
902 1719 1101 1761 doctrina
1122 1719 1210 1771 illa,
1235 1734 1365 1773 quam

14 1777 116 1820 olim
134 1777 271 1820 divini
290 1777 453 1833 ingenii
479 1776 720 1819 subtilitate
738 1783 868 1830 atque
885 1776 1079 1818 celsitate
1096 1775 1366 1820 condiderat.

15 1833 162 1888 Quum
205 1849 330 1886 vero,
361 1833 615 1889 priusquam
646 1832 886 1874 Academia
916 1832 1064 1874 relicta
1094 1832 1138 1874 in
1171 1832 1366 1875 Siciliam

13 1891 168 1933 iterum
196 1890 461 1946 navigasset,
491 1889 743 1932 admirabile
773 1889 879 1931 illud
910 1905 1036 1946 opus,
1065 1890 1181 1944 quod
1218 1898 1283 1932 est
1312 1888 1365 1931 de

17 1947 180 2004 optima
217 1946 416 2000 civitate,
449 1947 790 2003 composuisset,
824 1953 868 1988 et
906 1954 1061 2002 postea
1089 1947 1279 1988 animum
1310 1946 1367 1988 ad

15 2018 86 2046 res
117 2003 265 2046 civiles
295 2003 538 2059 aequalium
567 2019 743 2046 suorum
774 2002 1000 2045 advertere
1033 2004 1157 2058 quasi
1177 2003 1366 2047 necessi-

15 2066 105 2103 tate
137 2060 323 2115 quadam
363 2068 542 2103 coactus
572 2067 712 2113 esset,
745 2060 929 2102 eundem
969 2061 1089 2102 illum
1129 2061 1367 2116 sapientiae

15 2116 156 2160 locum
187 2116 329 2159 denuo
359 2117 563 2159 tractavit
591 2118 634 2158 in
666 2118 720 2160 iis
750 2118 889 2171 libris,
911 2133 1021 2173 quos
1043 2117 1098 2159 de
1118 2118 1366 2174 Legibus

17 2174 254 2230 inscripsit,
280 2175 322 2215 in
345 2175 503 2229 quibus
524 2175 577 2216 ab
609 2175 759 2216 ultima
790 2175 977 2231 optimae
1009 2174 1198 2216 civitatis
1231 2175 1368 2216 forma

21 2230 77 2272 ad
107 2231 246 2286 ipsius
277 2231 392 2273 vitae
421 2231 643 2274 veritatem
675 2230 917 2285 descendit,
940 2239 1070 2286 atque
1090 2247 1182 2273 rem
1212 2231 1272 2272 ita
1301 2231 1368 2273 in-

21 2287 178 2341 stituit,
208 2294 258 2329 ut
273 2288 392 2345 leges
412 2288 637 2344 scripsisse
661 2288 890 2342 videretur,
917 2303 1028 2343 quae
1050 2294 1231 2344 possent
1253 2288 1367 2330 veris

20 2343 268 2386 civitatibus
307 2344 516 2399 prodesse
558 2360 686 2400 quam
715 2346 970 2401 plurimum,
1003 2345 1280 2399 quantumvis
1313 2345 1366 2387 ab

20 2415 165 2443 earum
195 2400 406 2444 institutis
444 2402 624 2444 multum
665 2410 811 2445 essent
849 2402 1048 2444 diversae
1079 2402 1132 2456 ²³).
1191 2400 1292 2454 Qua
1322 2401 1368 2443 in

19 2472 66 2500 re
104 2458 184 2500 etsi
223 2458 285 2500 ita
323 2465 520 2500 versatus
556 2466 643 2506 est,
673 2466 723 2500 ut
752 2475 863 2514 quae
895 2458 948 2501 de
978 2458 1145 2515 origine
1177 2458 1366 2500 civitatis

22 2515 239 2572 exposuit,
272 2529 324 2556 ea
354 2515 629 2558 consentiant
657 2517 745 2558 fere
777 2532 873 2558 cum
904 2516 972 2570 iis,
999 2530 1110 2569 quae
1141 2516 1185 2556 in
1205 2515 1369 2557 Politia

21 2569 334 2628 disputaverat,
365 2578 508 2614 tamen
540 2587 650 2627 quae
680 2574 900 2629 pertinent
930 2572 985 2614 ad
1015 2572 1233 2629 exemplar
1259 2570 1368 2614 illud

70 2774 102 2814 ³)
132 2774 168 2805 V.
199 2774 308 2816 Legg.
336 2774 378 2805 V.
398 2785 436 2826 'p.
463 2773 539 2807 739.
566 2773 644 2805 VlI.
670 2784 702 2814 p.
732 2773 808 2807 807.
