1644 3039
211 163 543 207 APOLOGIA
575 161 894 206 SOCRATIS.
927 163 975 204 P.

1009 162 1075 202 238.
1110 159 1172 203 St.

1308 161 1385 202 15⁹

27 287 220 339 λομένων
258 299 339 334 την
375 282 504 324 πόλιν
539 284 777 335 ὶοιδοιιεῖν,
829 279 886 331 ὡς
922 278 1147 334 Σίυκρτὲτη
1200 276 1388 320 ἀπεκτό-

26 367 142 401 νατε,
179 346 323 405 ἄνδρα
362 350 530 407 σοφόν·

567 349 760 406 φήσουσι
789 348 874 402 >dp
912 346 964 399 δή
999 364 1050 401 με
1082 343 1224 403 aoqov
1263 344 1390 398 εἷται,

27 422 63 461 εὶ
97 419 169 460 καὶ
205 414 264 472 μὴ
307 420 405 471 εἰμι’,
443 419 484 458 οἱ
519 418 783 471 βουλόμενοι
818 414 922 457 ὑιιῖν
957 412 1193 465 ὀνειὸιζειν.

1237 430 1273 456 δι
1311 405 1391 455 Οὖν

28 484 321 541 πευιεμείνατε
365 482 460 536 0217
465 500 515 526 ον
546 482 734 539 χρόνον,
784 481 874 525 ἀπὸ
925 483 1002 524 τοῦ
1040 479 1299 536 αὐτομάτου
1334 476 1392 520 ἂν

27 550 140 630 ὑμῖν
167 553 245 594 τοῦ
255 567 301 594 το
338 556 401 604 ὲ7
387 565 525 595 ενετο·

569 549 702 605 ὁρᾶτε
738 548 824 604 7ἁρ
870 548 921 600 οη
960 546 1042 600 τὴν
1082 547 1276 600 ἡ)ικιάν,
1322 545 1392 588 ὅτι

31 617 182 677 πόῤῥω
231 617 313 670 ἤδη
358 621 447 660 ἐστι
497 620 574 661 τοῦ
612 619 734 672 βίου,
774 615 988 659 θαιατου
1027 618 1070 657 δὲ
1109 614 1250 668 ὲ77ύς.
1284 617 1391 668 λέ7ω

31 690 76 730 δὲ
116 687 260 729 τοῦτο
310 684 363 728 οὐ
412 684 523 740 ποὺς
565 684 739 734 πάντας
783 682 921 740 ὑμᾶς,
969 681 1083 725 cista
1131 681 1242 739 πρὸς
1288 697 1391 730 τους

31 755 139 809 ἐμοῦ
175 758 632 811 καταψηφισαμένους
668 752 894 794 (iurator.

32 819 142 876 πρὸς
179 819 283 869 τοὺς
319 819 485 869 αὐτοὺς
522 820 722 870 τούτους.

944 753 1048 804 λε’7ω
1096 753 1138 792 ϋέ
1177 752 1251 792 καὶ
1290 748 1389 791 τάδε

784 818 910 868 Ἴσως
946 835 994 860 ιιε
1036 817 1213 866 οἴεσθε,
1251 809 1282 857 ὦ
1316 813 1396 857 ἄν·

32 891 141 944 δρες,
177 886 348 944 ἀπορίᾳ
382 886 523 941 λόγων
560 889 795 930 ἑαλωκέναι
832 885 1058 933 τοιούτων,
1104 883 1169 934 οἷς
1198 881 1257 926 ἂν
1278 881 1396 938 ὑιιᾱς

127 1015 228 1057 ὑμῖν
254 1017 385 1049 τοῦτο
411 1016 612 1059 ἐγένετο]
666 1017 775 1057 Vulgo
802 1017 955 1049 additum
992 1015 1115 1056 legitur
1148 1013 1203 1054 ἐμὲ
1231 1011 1396 1045 τεθνάναι

36 1062 97 1105 δή,
128 1063 217 1104 quod
251 1066 421 1105 g!ossenia
461 1070 553 1097 reete
584 1074 652 1096 om.
683 1063 786 1096 Bodl.
817 1064 889 1095 vat.
927 1063 1009 1094 Ven.
1043 1061 1076 1095 b.
1115 1059 1210 1093 vind.
1246 1060 1279 1093 1.
1304 1059 1337 1094 4.
1364 1060 1395 1093 6.

37 1111 118 1143 Par.
146 1109 247 1142 DST.
279 1114 313 1141 et
337 1109 533 1142 Florentiui.

129 1154 200 1198 τὴν
232 1152 421 1198 ἡλικίαν]
448 1157 490 1189 V.
520 1156 670 1197 pessime
698 1152 798 1195 ὁρᾶτε
824 1153 886 1196 γὰρ
913 1152 954 1196 δὴ
979 1153 1024 1187 εἰς
1053 1150 1115 1195 τὴν
1142 1148 1282 1195 ἡλικίαν,
1305 1151 1397 1193 quod

38 1215 57 1236 e
92 1202 189 1235 Bodl.
227 1201 302 1232 Vat.
339 1202 420 1234 Ven.
454 1202 483 1233 l).

38 1254 180 1282 rectum.

517 1201 613 1234 vind.
649 1201 680 1234 1.

44 1346 140 1373 retur
176 1351 251 1373 esse
287 1339 449 1372 iudicum.
487 1357 528 1362 —
581 1339 693 1371 Verba.

42 1384 84 1419 ου’
111 1387 242 1421 πολλοῦ
257 1382 286 1429 γ’
297 1385 395 1416 ἕνεκα
404 1382 569 1426 χρόνουὸ
580 1390 615 1417 te
628 1396 646 1426 p
658 1386 690 1417 h.

42 1435 78 1466 in
105 1444 212 1474 marg.
240 1432 363 1466 vertit:
395 1436 578 1472 propter
608 1442 689 1463 non

41 1482 218 1522 longum
238 1479 452 1518 temporis
487 1478 688 1518 spatium,

42 1528 140 1568 quod
167 1526 329 1558 videlicet
344 1524 436 1555 vitae
453 1534 548 1555 meae
565 1533 686 1565 super-

44 1578 114 1610 est,
156 1578 194 1604 ut
223 1576 317 1603 recte
352 1569 593 1601 Fischerus
628 1580 687 1601 ex-

43 1619 161 1660 plieat.
207 1618 418 1649 l‘ervenerat
441 1616 533 1647 enim
559 1617 684 1647 Socra-

45 1670 96 1697 tes
120 1666 189 1697 iam
214 1664 259 1695 ad
283 1667 472 1695 extremam
497 1662 569 1693 fere
586 1673 684 1694 sene-

45 1715 190 1750 ctutem,
229 1709 399 1751 siqnidem
439 1709 508 1739 iam
547 1713 685 1749 septua-

45 1758 143 1799 ginta
177 1757 265 1788 duos
309 1765 420 1786 annos
458 1758 561 1785 natus
598 1759 685 1792 erat,

45 1809 84 1835 ut
110 1804 141 1835 ei
166 1801 458 1844 ρατνιιττιθ’3<11ιιιο
490 1800 582 1831 vitae
607 1810 687 1841 spa-

46 1851 133 1881 tium
181 1851 389 1900 superesset.
439 1864 481 1869 -—
535 1843 600 1878 ''Ov
591 1856 686 1885 ομα

47 1895 165 1936 ἔχειν
184 1894 336 1936 proprie,
352 1893 444 1924 bono
461 1902 576 1931 sensu,
599 1893 686 1924 lau-

48 1941 166 1981 dari,
207 1938 453 1972 celebrari:
494 1939 555 1969 sed
597 1939 629 1970 h.
663 1939 685 1969 l.

48 1985 687 2028 reprehendi‚maleaudire.—

49 2032 204 2065 Altiav
237 2032 350 2072 ἔχειν
379 2031 518 2072 proprie
549 2035 600 2062 est
626 2042 687 2063 ac-

49 2079 219 2115 cusari,
252 2088 369 2110 reum
403 2086 520 2108 esse:
562 2078 688 2109 deinde

52 2125 320 2167 vituperari,
345 2122 628 2164 reprehendi,
651 2128 690 2155 nt

50 2172 85 2205 h.
117 2172 139 2202 l.
192 2170 402 2211 Saepissime
441 2173 556 2200 tamen
587 2171 690 2201 etiam

53 2217 178 2248 dieitur
232 2226 296 2256 pro
340 2215 536 2254 laudari,
584 2217 691 2256 diei,

54 2263 148 2294 bono
199 2271 313 2293 sensu.
359 2272 392 2292 v.
445 2260 692 2293 Casaubon.

55 2309 100 2341 ad
128 2308 255 2340 Athen.
281 2307 349 2338 IX.
367 2307 400 2339 2.
436 2305 611 2343 Quoniam
633 2318 692 2339 au-

56 2359 125 2386 tem
165 2353 317 2385 formula
348 2349 458 2390 ὄνομα
489 2353 544 2383 un}
586 2352 695 2384 αἰτίαν

56 2401 142 2441 ἔχειν
165 2399 272 2432 habet
298 2398 586 2440 significationem
616 2410 694 2440 pas-

55 2447 186 2486 sivam,
218 2449 403 2486 propterea
442 2454 518 2475 cum
549 2455 696 2486 praepo-

57 2493 184 2524 sitione
218 2487 288 2522 υπό
327 2491 549 2523 construitur.
588 2490 695 2523 Thu-

58 2539 148 2580 cyd
177 2537 234 2568 VI.
260 2536 316 2571 46.
341 2539 388 2569 in.
416 2533 542 2577 πολλὴν
556 2533 616 2577 τὴν
650 2537 699 2569 αι’-

60 2586 132 2616 τίαν
154 2577 244 2624 εἶχον
268 2579 337 2614 ὑπὸ
377 2583 443 2614 τῶν
476 2583 697 2623 στρατιωτῶν.

60 2630 110 2663 De
136 2625 350 2669 ἇπεκτόνατε,
376 2633 518 2660 morte
544 2630 698 2661 conde-

60 2677 307 2713 mnavistis,
331 2686 363 2707 v.
380 2685 460 2707 ann.
482 2675 526 2706 ad
539 2684 572 2715 p.
589 2675 644 2709 29.
659 2675 697 2709 Β.

107 2719 211 2761 ὑμῖν
242 2722 373 2753 τοῦτο
406 2719 607 2762 ἐγένετο]
643 2722 698 2753 vi-

62 2767 186 2800 delicet
223 2767 279 2807 ἐμὲ
317 2765 479 2799 τεθνάναι
510 2764 570 2807 δή,
606 2768 698 2807 quod

739 1226 746 1234 .
777 1201 807 1235 6.
843 1201 933 1234 Flor.
967 1200 1000 1232 cl.
1025 1199 1055 1231 Ιι.

1080 1199 1160 1233 Par.
1187 1198 1294 1232 Ds'r.
1321 1208 1397 1229 cor-

756 1340 1032 1371 additamentum
1058 1347 1099 1370 ex
1130 1338 1340 1378 glossemate
1366 1336 1401 1366 in

755 1391 886 1417 textum
931 1385 1113 1425 irrepsisse
1150 1383 1309 1415 codicum
1351 1386 1401 1412 te·

755 1432 919 1463 stimonia
955 1432 1130 1462 evincunt.
1170 1428 1401 1461 Heindor-

755 1479 840 1509 fius
859 1478 1000 1508 retineri
1022 1477 1161 1517 quidem
1184 1475 1315 1507 voluit:
1340 1474 1402 1505 sed

753 1525 802 1555 ita
827 1529 865 1554 ut
889 1523 1117 1554 scriberetur.
1145 1518 1181 1553 τὸ
1202 1520 1258 1560 ἐμὲ
1275 1516 1398 1551 τεθνά-

754 1581 808 1601 ναι
845 1566 906 1610 δή,
944 1570 977 1600 in
1005 1579 1073 1610 quo
1099 1569 1211 1599 virum
1237 1567 1399 1598 doctissi-

752 1626 843 1647 mum
877 1616 1002 1647 fefellit
1030 1615 1169 1655 opinio,
1213 1618 1251 1643 ut
1281 1614 1400 1644 videre

752 1663 833 1693 licet
861 1672 902 1693 ex
934 1662 995 1698 iis,
1029 1670 1118 1702 quae
1154 1660 1273 1712 docuit
1295 1659 1400 1690 Mat-

753 1708 875 1739 thiae
909 1707 938 1748 ξ.
963 1706 1042 1741 468.
1079 1707 1109 1740 b
1137 1725 1179 1729 —
1215 1702 1298 1736 ἀπὸ
1323 1704 1400 1735 τοῦ

755 1749 1022 1792 αυτομάτου,

755 1802 796 1832 si
851 1810 913 1831 me
961 1810 1044 1831 non

755 1851 908 1878 morte.

803 1888 955 1934 πόῤῥω
1025 1888 1104 1932 ἤδη
1169 1887 1258 1920 ἐστὶ
1324 1888 1402 1919 τοῦ

756 1937 890 1979 βίου]
923 1939 956 1969 h.
984 1947 1012 1970 e.
1051 1939 1243 1970 aetatem
1269 1945 1402 1967 meam

756 1995 802 2016 eo
828 1988 1085 2025 provectam
1108 1992 1224 2019 esse,
1246 1986 1291 2012 nt
1316 1991 1402 2012 non

755 2031 934 2071 longum
972 2030 1194 2070 reliquum
1244 2029 1305 2059 sit
1343 2027 1402 2058 vi-

756 2081 823 2108 tae
849 2077 1054 2118 spatium.
1090 2075 1258 2106 Similiter
1284 2074 1402 2104 Plut.

760 2123 826 2154 Vit.
871 2123 1053 2154 Demosth.
1085 2132 1119 2162 p.
1156 2120 1234 2153 846.
1261 2120 1304 2150 Ε.
1338 2115 1402 2157 ὀψέ

759 2179 839 2199 ποτε
863 2169 916 2200 καὶ
945 2164 1066 2209 πόρ’ῥω
1086 2162 1288 2208 τῆςὴλικιάς
1314 2161 1401 2205 ηψα-

759 2215 848 2254 μεθα
879 2211 1075 2254 Ῥωμαὶκοῖς
1117 2210 1306 2254 γράμμασιν
1347 2209 1400 2241 έν-

761 2259 952 2303 τυγχάιειιη
989 2271 1090 2301 quem
1122 2260 1236 2290 locum
1262 2262 1400 2298 praeter

761 2309 848 2340 alios
864 2308 954 2339 laud
948 2307 1020 2338 wit
1039 2305 1280 2337 lacobsins,
1291 2302 1401 2343 Gorg.

760 2353 839 2388 484.
876 2354 915 2385 C.
950 2349 1009 2384 ἐὰν
1033 2347 1153 2392 πόρρω
1187 2350 1244 2391 τῆς
1275 2346 1402 2391 ἡλικιας

764 2399 952 2445 φιλοσοφῆ.

808 2446 853 2479 D.
903 2446 969 2476 οἱς
999 2441 1048 2475 ἂν
1080 2439 1182 2482 ὑμᾶς
1223 2440 1398 2483 ἔπεισα]

764 2493 797 2526 h
824 2503 852 2523 e.
879 2491 1040 2532 quibus
1073 2489 1195 2521 vobis
1220 2496 1401 2529 persua-

765 2548 892 2570 surus
927 2537 1124 2568 fuissem.
1161 2552 1201 2555 —
1237 2530 1401 2575 ἀπορία

765 2582 918 2625 λόγων,
955 2583 1109 2623 inopia
1148 2581 1401 2617 verborum,

765 2631 833 2669 vel,
860 2635 897 2660 ut
923 2629 1079 2659 Cicero
1106 2626 1201 2658 Orat.
1219 2626 1247 2659 Ι.
1267 2625 1401 2659 54.νο-

765 2681 840 2715 cat,
865 2675 1107 2706 inscientia
1132 2672 1312 2704 dicendi.
1339 2670 1404 2702 Ce-

766 2728 874 2754 terum
905 2720 1063 2751 Cicero
1090 2720 1111 2751 l.
1139 2729 1166 2750 o.
1192 2718 1405 2750 contrarium

765 2769 925 2800 affirmat.
950 2766 1116 2798 Formula
1135 2762 1241 2796 πάντα
1263 2765 1315 2797 vel
1339 2764 1405 2794 πᾶν

1051 1756 1228 1794 sponte,
1254 1751 1401 1782 etiam-

1101 1797 1402 1830 damnassetis
