1644 3039
195 208 514 255 PLATONIS
547 208 934 251 APOLOfflAM
969 206 1289 251 SOCRATIS.
1363 207 1417 248 45

71 330 106 368 l.
137 327 162 368 2
193 323 417 380 (Bekkero
460 324 523 377 ὶ).
555 325 593 365 3.
625 326 664 364 4.
698 325 735 363 ἴ).
769 324 808 363 (3.
841 321 1064 376 (Bekkero
1092 321 1171 371 (12).
1204 319 1348 360 Flor.
1381 334 1418 359 a.

0 403 2 422 ι
64 383 105 425 b.
138 397 175 425 c.
207 381 248 423 d.
279 396 315 423 e.
347 396 387 435 g.
417 380 457 424 h.
487 381 513 421 i.
553 379 734 422 Vatic.
776 378 982 420 Zittav.
1024 376 1217 433 Angel.
1250 392 1291 420 11.
1325 376 1419 417 Pa-

63 440 159 481 ris.
199 436 553 480 BCDEHST.
596 442 640 478 et
680 451 730 491 g,
786 450 1032 489 quanquam
1074 433 1126 475 de
1166 433 1248 474 hoc
1299 433 1423 474 aliter

64 495 357 538 Bekkerus
386 495 431 535 in
461 493 656 535 Elencho
688 491 829 534 Codd.
862 508 905 547 p.
938 492 996 533 X.
1016 524 1027 543 ‚
1061 497 1110 532 ut
1138 490 1326 531 voluisse
1359 489 1422 530 vi-

66 553 224 594 deatur
255 550 445 604 Ricard.,
478 565 604 604 quem
638 563 659 605 ὓ
688 549 891 605 signavit.
923 565 963 590 v.
997 547 1288 590 commentar.
1311 545 1421 588 Crit.

0 615 1 620 ’
66 610 118 651 Τ.
150 609 184 650 Ι.
219 625 261 665 p.
292 608 403 650 VII.
434 607 578 649 Praef.

180 720 553 763 Bodleianum
575 734 610 761 s.
635 717 1029 760 Clarckianum
1050 716 1241 759 excussit
1264 714 1422 757 Gais-

0 792 3 797 “
67 778 302 821 fordius.
351 777 641 818 Parisinos
684 773 1043 817 BCDEHST.
1086 773 1322 816 Coislin.
1357 776 1423 825 12,

67 835 422 892 Angelicum,
465 835 538 888 qui
581 833 723 874 littera
752 849 780 874 u
810 833 1007 888 signatus
1038 837 1131 884 est,
1174 830 1423 871 Venetos

69 896 115 935 A
129 895 193 944 Z„
230 898 274 933 et
303 892 515 932 incertum
538 903 572 944 g,
607 890 698 931 Im.
720 889 1015 931 Bekkerus
1047 887 1242 939 contulit,
1276 885 1424 940 quide

68 950 121 992 iis
161 948 366 1005 exposuit
420 948 463 988 in
514 946 665 989 Indice
706 945 932 988 Codicum.
1005 945 1099 987 Nos
1150 943 1427 985 adhibuimus

69 1005 550 1048 vindobonenses
596 1007 632 1045 l.
667 1004 705 1045 2.
739 1007 778 1045 3.
810 1006 848 1045 4.
882 1006 920 1044 5.
953 1005 992 1043 6.
1033 1018 1059 1043 a
1100 1001 1300 1042 Bastio
1353 1015 1428 1040 ex-

70 1078 245 1116 cussos,
287 1061 341 1103 de
383 1061 566 1116 quibus,
605 1061 735 1103 sicuti
777 1060 830 1101 de
868 1060 1047 1116 reliquis
1087 1058 1208 1100 libris
1248 1073 1273 1098 a
1300 1057 1427 1099 nobis

0 1160 2 1164 ,
70 1120 255 1176 primum
295 1119 542 1174 usurpatis,
585 1120 709 1161 Tom.
748 1117 857 1159 XII.
906 1117 950 1158 in
991 1115 1189 1158 Platonis
1232 1116 1427 1170 Operum

0 1181 3 1186 '
73 1177 177 1218 edit.
207 1175 427 1232 Lipsiensi
458 1192 498 1231 p.
532 1176 603 1217 111
637 1191 732 1231 sqq.
778 1175 1058 1216 narravimus.
1118 1173 1243 1214 Duos
1275 1172 1429 1213 horum

0 1259 2 1261 >
74 1232 483 1275 Vindobonensium
498 1234 726 1288 usurpavit
736 1232 862 1273 etiam
878 1231 962 1272 Im.
976 1230 1012 1271 B
1024 1246 1045 1272 e
1058 1230 1124 1271 kk
1137 1245 1157 1271 e
1171 1245 1191 1270 r
1201 1245 1229 1270 u
1242 1244 1278 1282 S,
1296 1243 1429 1270 unum

77 1292 134 1344 2.,
168 1305 294 1345 quem
324 1289 395 1330 ille
425 1290 593 1330 notavit
618 1290 762 1331 littera
805 1291 860 1341 Y„
895 1288 1074 1328 alterum
1106 1286 1172 1339 b„
1207 1301 1334 1340 quem
1372 1287 1429 1325 (Ι).

0 1376 4 1382 .
75 1361 170 1389 esse
211 1346 362 1388 voluit.
422 1346 519 1387 Nos
563 1346 606 1387 in
649 1346 713 1387 his
754 1344 956 1387 notandis
998 1344 1159 1385 nostris
1199 1343 1320 1398 siglis
1361 1341 1431 1382 usi

73 1417 236 1446 sumus.
295 1403 529 1444 Praeterea
569 1402 674 1445 Bas
689 1402 755 1444 tii
800 1401 1040 1443 industriae
1071 1400 1299 1442 debuimus
1330 1399 1431 1440 Ve-

73 1467 240 1502 netos
279 1459 434 1501 litteris
474 1474 511 1501 a.
553 1466 596 1501 et
638 1461 678 1503 b.
725 1465 912 1500 notatos.
986 1458 1157 1499 Horum
1210 1456 1344 1498 altero
1389 1455 1430 1496 b.

74 1517 204 1559 etiam
234 1515 322 1558 Im.
353 1515 654 1560 Bekkerus
685 1531 790 1558 usus
820 1521 901 1568 est,
933 1514 1143 1571 insignito
1174 1514 1257 1569 ipsi
1288 1513 1433 1554 littera

77 1576 166 1624 Il.;
197 1573 268 1615 cui
296 1578 520 1628 praeterea
551 1573 679 1615 etiam
708 1578 883 1629 praesto
915 1572 1090 1613 fuerunt
1121 1570 1207 1612 duo
1239 1570 1311 1611 alii
1341 1569 1432 1612 Ve-

3 1666 6 1668 ,
75 1631 186 1684 neti,
219 1644 327 1684 quos
357 1630 411 1672 ab
439 1629 535 1685 ipso
566 1634 612 1673 A
629 1633 676 1675 Ξ.
722 1635 904 1671 vocatos
936 1643 1031 1671 esse
1063 1635 1192 1670 antea
1221 1626 1434 1669 indicavi-

75 1702 186 1730 mus.
245 1687 383 1728 Porro
414 1686 689 1729 adhibuimus
720 1686 876 1728 librum
908 1686 1244 1728 Vaticanum
1273 1685 1378 1726 item
1410 1697 1435 1724 a

75 1743 278 1786 Bastio
317 1758 573 1795 excussum3
624 1743 1057 1794 Zittaviensem,
1103 1758 1156 1784 ex
1197 1757 1284 1796 quo
1332 1740 1435 1782 Ru-

78 1800 330 1855 dolphus
362 1801 579 1857 excerpsit
610 1802 748 1842 varias
769 1799 1004 1850 lectiones3
1035 1798 1287 1842 Palatini
1317 1797 1435 1853 frag-

75 1864 226 1900 menta
264 1872 290 1898 a
329 1855 614 1899 Creuzero
666 1857 911 1913 publicata3
965 1863 1009 1898 et
1058 1854 1434 1898 Florentinos

5 1971 7 1974 Α
80 1921 203 1968 octo,
237 1928 422 1967 quorum
448 1913 719 1956 collationem
748 1912 792 1955 J.
825 1914 880 1955 A.
914 1911 963 1958 C.
993 1912 1338 1969 Weigelius‚
1370 1910 1437 1952 vir

78 1968 430 2024 honestissimus,
474 1985 499 2011 a
538 1969 631 2013 Cel.
661 1971 833 2013 Furia
862 1970 1196 2026 impetraverat,
1240 1969 1436 2025 signatos

5 2038 9 2043 ·
79 2027 177 2069 illos
222 2027 300 2079 iis,
347 2041 455 2081 quas
504 2042 635 2083 supra
683 2027 933 2083 posuimus,
986 2027 1227 2069 litterarum
1273 2025 1437 2068 formis.

81 2082 276 2126 Collatos
307 2083 441 2140 igitur
467 2083 524 2125 ad
541 2085 808 2142 Apologiam
831 2083 1038 2127 habemus
1059 2084 1233 2126 codices
1254 2083 1439 2139 triginta

80 2157 213 2183 unum
242 2140 312 2182 vel
343 2140 450 2182 duo:
493 2141 567 2196 qui
599 2149 813 2196 quatenus
840 2141 954 2182 inter
984 2157 1030 2183 se
1062 2141 1131 2183 vel
1161 2139 1439 2183 consentiant

79 2198 150 2239 vel
181 2197 442 2240 dissentiant
471 2204 515 2239 et
545 2200 693 2253 quanti
713 2197 968 2241 aestimandi
1000 2199 1102 2252 sint,
1135 2197 1339 2253 quoniam
1369 2195 1438 2237 vel

6 2265 9 2268 ·
82 2253 191 2296 levis
231 2254 373 2296 variae
414 2254 658 2310 scripturae
697 2255 988 2298 consideratio
1041 2254 1194 2308 docet,
1245 2269 1332 2295 non
1374 2258 1440 2295 est

85 2326 161 2352 cur
190 2310 273 2352 hoc
303 2310 399 2352 loco
430 2326 710 2367 exponamus.
751 2311 866 2354 Illud
891 2327 1024 2353 unum
1050 2311 1326 2353 admonuisse
1350 2324 1440 2351 non

86 2381 454 2422 supervacaneum
487 2368 582 2421 erit,
615 2385 694 2412 nos
724 2369 900 2425 optimis
933 2367 1122 2423 quidem,
1154 2368 1291 2410 veluti
1321 2365 1440 2408 Bod-

8 2442 9 2445 ¹
83 2424 240 2475 leiano,
267 2423 481 2465 Vaticano
513 2430 556 2466 et
575 2426 687 2468 Ven.
711 2427 767 2480 b.,
799 2426 1046 2482 plurimum,
1071 2440 1151 2467 nec
1172 2440 1276 2466 vero
1296 2423 1442 2465 omnia

84 2480 312 2533 tribuisse,
354 2480 706 2536 quandoquidem
744 2484 807 2525 illi
849 2497 1022 2537 quoque
1065 2481 1442 2538 grammaticorum

86 2537 383 2579 recensionem
414 2537 630 2592 referunt,
671 2556 780 2595 quae
811 2540 865 2581 ad
897 2539 1091 2581 criticam
1121 2537 1441 2595 probabilitatis

85 2593 223 2650 legem
255 2594 515 2649 comparatis
547 2595 674 2638 etiam
713 2598 808 2639 aliis
842 2595 1041 2639 codicum
1072 2594 1299 2650 scripturis
1332 2609 1442 2637 sem-

87 2665 162 2706 per
192 2656 234 2692 et
264 2650 428 2706 ubique
459 2652 746 2696 examinanda
775 2659 854 2697 est.
