<?xml version="1.0" encoding="UTF-8"?>
<!DOCTYPE html PUBLIC "-//W3C//DTD XHTML 1.0 Transitional//EN"
    "http://www.w3.org/TR/xhtml1/DTD/xhtml1-transitional.dtd">
<html xmlns="http://www.w3.org/1999/xhtml" xml:lang="en" lang="en">
 <head>
  <title>
</title>
<meta http-equiv="Content-Type" content="text/html;charset=utf-8" />
  <meta name='ocr-system' content='tesseract 3.04.00' />
  <meta name='ocr-capabilities' content='ocr_page ocr_carea ocr_par ocr_line ocrx_word'/>
</head>
<body>
  <div class='ocr_page' id='page_1' title='image "./n1operaomniarecens01platuoft/n1operaomniarecens01platuoft_0306.png"; bbox 0 0 1644 3039; ppageno 0'>
   <div class='ocr_carea' id='block_1_1' title="bbox 203 202 1572 782">
    <p class='ocr_par' dir='ltr' id='par_1_1' title="bbox 203 202 1127 246">
     <span class='ocr_line' id='line_1_1' title="bbox 203 202 1127 246; baseline 0.003 -3"><span class='ocrx_word' id='word_1_1' title='bbox 203 204 286 243; x_wconf 68' lang='lat'>224</span> <span class='ocrx_word' id='word_1_2' title='bbox 731 203 765 244; x_wconf 86' lang='lat' dir='ltr'>P</span> <span class='ocrx_word' id='word_1_3' title='bbox 786 202 1127 246; x_wconf 68' lang='lat' dir='ltr'><strong>LATONIS</strong></span> 
     </span>
    </p>

    <p class='ocr_par' dir='ltr' id='par_1_2' title="bbox 203 317 1572 782">
     <span class='ocr_line' id='line_1_2' title="bbox 203 317 1570 379; baseline 0 -16"><span class='ocrx_word' id='word_1_4' title='bbox 203 320 391 374; x_wconf 67' lang='grc' dir='ltr'><em>γόμενοι,</em></span> <span class='ocrx_word' id='word_1_5' title='bbox 431 318 453 371; x_wconf 75' lang='grc' dir='ltr'>ἦ</span> <span class='ocrx_word' id='word_1_6' title='bbox 495 321 543 379; x_wconf 72' lang='grc' dir='ltr'>τῇ</span> <span class='ocrx_word' id='word_1_7' title='bbox 579 317 780 374; x_wconf 72' lang='grc' dir='ltr'><em>ἀληθείᾳ</em></span> <span class='ocrx_word' id='word_1_8' title='bbox 815 319 1083 374; x_wconf 76' lang='grc' dir='ltr'><em>ἀδικήσομεν</em></span> <span class='ocrx_word' id='word_1_9' title='bbox 1108 323 1250 364; x_wconf 82' lang='grc' dir='ltr'><em>ταῦτα</em></span> <span class='ocrx_word' id='word_1_10' title='bbox 1286 318 1434 363; x_wconf 74' lang='grc' dir='ltr'><em>πάντα</em></span> <span class='ocrx_word' id='word_1_11' title='bbox 1471 337 1570 363; x_wconf 83' lang='grc' dir='ltr'><em>ποι-</em></span> 
     </span>
     <span class='ocr_line' id='line_1_3' title="bbox 203 384 1571 443; baseline -0.001 -14"><span class='ocrx_word' id='word_1_12' title='bbox 203 389 376 437; x_wconf 86' lang='grc' dir='ltr'><em>οῦντες·</em></span> <span class='ocrx_word' id='word_1_13' title='bbox 416 385 500 428; x_wconf 76' lang='grc' dir='ltr'><em>κᾶν</em></span> <span class='ocrx_word' id='word_1_14' title='bbox 537 384 810 443; x_wconf 69' lang='grc' dir='ltr'><em>φαινώμεθα</em></span> <span class='ocrx_word' id='word_1_15' title='bbox 847 384 980 429; x_wconf 80' lang='grc' dir='ltr'><em>ἄδικα</em></span> <span class='ocrx_word' id='word_1_16' title='bbox 1025 385 1141 429; x_wconf 71' lang='grc' dir='ltr'><em>αὐτοὶ</em></span> <span class='ocrx_word' id='word_1_17' title='bbox 1178 386 1476 442; x_wconf 56' lang='grc' dir='ltr'><em>ἐργαζόμενοι,</em></span> <span class='ocrx_word' id='word_1_18' title='bbox 1510 385 1571 441; x_wconf 85' lang='grc' dir='ltr'>μή</span> 
     </span>
     <span class='ocr_line' id='line_1_4' title="bbox 204 451 1570 514; baseline -0.001 -17"><span class='ocrx_word' id='word_1_19' title='bbox 204 453 256 497; x_wconf 83' lang='grc' dir='ltr'><em>οὑ</em></span> <span class='ocrx_word' id='word_1_20' title='bbox 294 457 363 514; x_wconf 72' lang='grc' dir='ltr'>δὲῃ</span> <span class='ocrx_word' id='word_1_21' title='bbox 402 452 752 506; x_wconf 63' lang='grc' dir='ltr'><em>ὑπολογίζεσθαι</em></span> <span class='ocrx_word' id='word_1_22' title='bbox 790 451 877 496; x_wconf 74' lang='grc' dir='ltr'><em>οὔτ’</em></span> <span class='ocrx_word' id='word_1_23' title='bbox 920 458 956 496; x_wconf 84' lang='grc' dir='ltr'>εὶ</span> <span class='ocrx_word' id='word_1_24' title='bbox 992 452 1308 506; x_wconf 73' lang='grc' dir='ltr'><em>ἀποθνήσκειν</em></span> <span class='ocrx_word' id='word_1_25' title='bbox 1332 456 1396 497; x_wconf 77' lang='grc' dir='ltr'>δεῖ</span> <span class='ocrx_word' id='word_1_26' title='bbox 1425 470 1570 510; x_wconf 83' lang='grc' dir='ltr'><strong><em>παρα-</em></strong></span> 
     </span>
     <span class='ocr_line' id='line_1_5' title="bbox 203 517 1571 575; baseline 0 -13"><span class='ocrx_word' id='word_1_27' title='bbox 203 527 420 575; x_wconf 72' lang='grc' dir='ltr'><em>μένοντας</em></span> <span class='ocrx_word' id='word_1_28' title='bbox 453 522 523 561; x_wconf 79' lang='grc' dir='ltr'>καὶ</span> <span class='ocrx_word' id='word_1_29' title='bbox 564 517 746 574; x_wconf 80' lang='grc' dir='ltr'><em>ἡσυχίαν</em></span> <span class='ocrx_word' id='word_1_30' title='bbox 781 518 988 574; x_wconf 65' lang='grc' dir='ltr'><em>ἄγοντας,</em></span> <span class='ocrx_word' id='word_1_31' title='bbox 1025 520 1125 563; x_wconf 71' lang='grc' dir='ltr'><em>οὔτε</em></span> <span class='ocrx_word' id='word_1_32' title='bbox 1160 521 1270 564; x_wconf 76' lang='grc' dir='ltr'><em>ἄλλο</em></span> <span class='ocrx_word' id='word_1_33' title='bbox 1304 518 1456 563; x_wconf 86' lang='grc' dir='ltr'><em>ὁτιοῦν</em></span> <span class='ocrx_word' id='word_1_34' title='bbox 1485 519 1571 562; x_wconf 75' lang='grc' dir='ltr'>πά-</span> 
     </span>
     <span class='ocr_line' id='line_1_6' title="bbox 203 583 1572 642; baseline 0.001 -13"><span class='ocrx_word' id='word_1_35' title='bbox 203 603 318 642; x_wconf 78' lang='grc' dir='ltr'><em>σχειν</em></span> <span class='ocrx_word' id='word_1_36' title='bbox 355 585 439 641; x_wconf 79' lang='grc' dir='ltr'>πρὸ</span> <span class='ocrx_word' id='word_1_37' title='bbox 478 588 558 628; x_wconf 84' lang='grc' dir='ltr'><em>τοῦ</em></span> <span class='ocrx_word' id='word_1_38' title='bbox 603 586 784 629; x_wconf 74' lang='grc' dir='ltr'><em>ἀδικεῖν.</em></span> <span class='ocrx_word' id='word_1_39' title='bbox 840 588 930 629; x_wconf 80' lang='grc' dir='ltr'>ΚΡ.</span> <span class='ocrx_word' id='word_1_40' title='bbox 985 589 1143 637; x_wconf 79' lang='grc' dir='ltr'><em>Καλῶς</em></span> <span class='ocrx_word' id='word_1_41' title='bbox 1188 592 1266 642; x_wconf 79' lang='grc' dir='ltr'><em>μέν</em></span> <span class='ocrx_word' id='word_1_42' title='bbox 1310 604 1386 641; x_wconf 85' lang='grc' dir='ltr'>μοι</span> <span class='ocrx_word' id='word_1_43' title='bbox 1431 583 1572 636; x_wconf 72' lang='grc' dir='ltr'><em>δοκεῖς</em></span> 
     </span>
     <span class='ocr_line' id='line_1_7' title="bbox 207 647 1572 710; baseline 0.001 -15"><span class='ocrx_word' id='word_1_44' title='bbox 207 657 361 707; x_wconf 75' lang='grc' dir='ltr'><em>λέγειν,</em></span> <span class='ocrx_word' id='word_1_45' title='bbox 400 647 430 694; x_wconf 78' lang='grc' dir='ltr'><strong><em>ὦ</em></strong></span> <span class='ocrx_word' id='word_1_46' title='bbox 470 651 724 707; x_wconf 73' lang='grc' dir='ltr'><em>Σώκρατες,</em></span> <span class='ocrx_word' id='word_1_47' title='bbox 760 651 845 708; x_wconf 80' lang='grc' dir='ltr'>ὅρα</span> <span class='ocrx_word' id='word_1_48' title='bbox 883 656 927 696; x_wconf 82' lang='grc' dir='ltr'>ὂὲ</span> <span class='ocrx_word' id='word_1_49' title='bbox 965 658 1006 696; x_wconf 87' lang='grc' dir='ltr'>τί</span> <span class='ocrx_word' id='word_1_50' title='bbox 1041 656 1225 710; x_wconf 73' lang='grc' dir='ltr'><em>δρῶμεν.</em></span> <span class='ocrx_word' id='word_1_51' title='bbox 1298 653 1402 696; x_wconf 84' lang='grc' dir='ltr'>ΣΩ.</span> <span class='ocrx_word' id='word_1_52' title='bbox 1451 655 1572 696; x_wconf 84' lang='grc' dir='ltr'><em>Σκο-</em></span> 
     </span>
     <span class='ocr_line' id='line_1_8' title="bbox 207 713 1570 782; baseline 0.001 -20"><span class='ocrx_word' id='word_1_53' title='bbox 207 723 377 776; x_wconf 78' lang='grc' dir='ltr'><em>πῶμεν,</em></span> <span class='ocrx_word' id='word_1_54' title='bbox 423 713 453 761; x_wconf 74' lang='grc' dir='ltr'><strong><em>ὦ</em></strong></span> <span class='ocrx_word' id='word_1_55' title='bbox 489 719 650 773; x_wconf 69' lang='grc' dir='ltr'><em>’γαθὲ,</em></span> <span class='ocrx_word' id='word_1_56' title='bbox 703 723 849 780; x_wconf 72' lang='grc' dir='ltr'><em>κοινῇ,</em></span> <span class='ocrx_word' id='word_1_57' title='bbox 897 723 969 763; x_wconf 80' lang='grc' dir='ltr'>καὶ</span> <span class='ocrx_word' id='word_1_58' title='bbox 1019 721 1057 764; x_wconf 75' lang='grc' dir='ltr'>εἴ</span> <span class='ocrx_word' id='word_1_59' title='bbox 1093 738 1152 782; x_wconf 75' lang='grc' dir='ltr'>πῃ</span> <span class='ocrx_word' id='word_1_60' title='bbox 1190 726 1294 777; x_wconf 78' lang='grc' dir='ltr'><em>ἔχεις</em></span> <span class='ocrx_word' id='word_1_61' title='bbox 1327 721 1570 775; x_wconf 77' lang='grc' dir='ltr'><em>ἀντιλέγειν</em></span> 
     </span>
    </p>
   </div>
   <div class='ocr_carea' id='block_1_2' title="bbox 303 936 805 974">
    <p class='ocr_par' dir='ltr' id='par_1_3' title="bbox 303 936 805 974">
     <span class='ocr_line' id='line_1_9' title="bbox 303 936 805 974; baseline -0.008 -2"><span class='ocrx_word' id='word_1_62' title='bbox 303 942 340 974; x_wconf 86' lang='grc' dir='ltr'>Ι).</span> <span class='ocrx_word' id='word_1_63' title='bbox 372 939 469 972; x_wconf 75' lang='grc' dir='ltr'><em>οὔτε</em></span> <span class='ocrx_word' id='word_1_64' title='bbox 494 940 594 971; x_wconf 64' lang='grc' dir='ltr'><em>ἄλλο</em></span> <span class='ocrx_word' id='word_1_65' title='bbox 630 936 805 974; x_wconf 70' lang='grc' dir='ltr'><em>ὁτιοιῖνἹ</em></span> 
     </span>
    </p>
   </div>
   <div class='ocr_carea' id='block_1_3' title="bbox 861 939 1572 980">
    <p class='ocr_par' dir='ltr' id='par_1_4' title="bbox 861 939 1572 980">
     <span class='ocr_line' id='line_1_10' title="bbox 861 939 1572 980; baseline 0.007 -10"><span class='ocrx_word' id='word_1_66' title='bbox 861 939 1031 980; x_wconf 64' lang='lat' dir='ltr'>Hirschig.</span> <span class='ocrx_word' id='word_1_67' title='bbox 1058 943 1147 974; x_wconf 90' lang='lat' dir='ltr'>coni.</span> <span class='ocrx_word' id='word_1_68' title='bbox 1173 939 1244 974; x_wconf 64' lang='grc' dir='ltr'><em>οὔτ’</em></span> <span class='ocrx_word' id='word_1_69' title='bbox 1270 940 1310 973; x_wconf 77' lang='grc' dir='ltr'>εἰ</span> <span class='ocrx_word' id='word_1_70' title='bbox 1331 940 1410 973; x_wconf 68' lang='grc' dir='ltr'><em>ἄλλο</em></span> <span class='ocrx_word' id='word_1_71' title='bbox 1444 939 1572 975; x_wconf 76' lang='grc' dir='ltr'><em>ὁτιοῦν.</em></span> 
     </span>
    </p>
   </div>
   <div class='ocr_carea' id='block_1_4' title="bbox 304 982 1152 1026">
    <p class='ocr_par' dir='ltr' id='par_1_5' title="bbox 304 982 1152 1026">
     <span class='ocr_line' id='line_1_11' title="bbox 304 982 1152 1026; baseline -0.002 -8"><span class='ocrx_word' id='word_1_72' title='bbox 304 988 343 1021; x_wconf 85' lang='lat' dir='ltr'>E.</span> <span class='ocrx_word' id='word_1_73' title='bbox 386 984 489 1017; x_wconf 68' lang='grc' dir='ltr'>ἀλλὰ</span> <span class='ocrx_word' id='word_1_74' title='bbox 513 984 563 1026; x_wconf 67' lang='grc' dir='ltr'>μὴ</span> <span class='ocrx_word' id='word_1_75' title='bbox 594 982 803 1026; x_wconf 67' lang='grc' dir='ltr'><em>ἄκοντος]</em></span> <span class='ocrx_word' id='word_1_76' title='bbox 840 983 966 1016; x_wconf 73' lang='grc' dir='ltr'><em>ἄκοντα</em></span> <span class='ocrx_word' id='word_1_77' title='bbox 994 988 1094 1020; x_wconf 68' lang='lat' dir='ltr'>Vinci,</span> <span class='ocrx_word' id='word_1_78' title='bbox 1121 989 1152 1021; x_wconf 83' lang='grc'>6,</span> 
     </span>
    </p>
   </div>
   <div class='ocr_carea' id='block_1_5' title="bbox 211 1141 866 2838">
    <p class='ocr_par' dir='ltr' id='par_1_6' title="bbox 211 1141 852 1277">
     <span class='ocr_line' id='line_1_12' title="bbox 213 1141 850 1190; baseline -0.019 -8"><span class='ocrx_word' id='word_1_79' title='bbox 213 1144 599 1190; x_wconf 66' lang='lat' dir='ltr'>p.3S.B.conf.Cratyi.</span> <span class='ocrx_word' id='word_1_80' title='bbox 613 1143 754 1184; x_wconf 77' lang='lat' dir='ltr'>p.39.ss;</span> <span class='ocrx_word' id='word_1_81' title='bbox 773 1141 850 1184; x_wconf 69' lang='grc' dir='ltr'>χρή-</span> 
     </span>
     <span class='ocr_line' id='line_1_13' title="bbox 211 1187 852 1233; baseline -0.009 -8"><span class='ocrx_word' id='word_1_82' title='bbox 211 1205 295 1233; x_wconf 84' lang='grc' dir='ltr'><em>ματα</em></span> <span class='ocrx_word' id='word_1_83' title='bbox 305 1192 449 1224; x_wconf 71' lang='grc' dir='ltr'><em>ἐκείνοις</em></span> <span class='ocrx_word' id='word_1_84' title='bbox 468 1189 627 1221; x_wconf 69' lang='grc' dir='ltr'><em>τελοῦντα</em></span> <span class='ocrx_word' id='word_1_85' title='bbox 647 1190 700 1220; x_wconf 78' lang='grc' dir='ltr'>καὶ</span> <span class='ocrx_word' id='word_1_86' title='bbox 717 1187 852 1229; x_wconf 69' lang='grc' dir='ltr'><em>χάριτας</em></span> 
     </span>
     <span class='ocr_line' id='line_1_14' title="bbox 212 1238 486 1277; baseline -0.018 -5"><span class='ocrx_word' id='word_1_87' title='bbox 212 1238 486 1277; x_wconf 74' lang='grc' dir='ltr'><em>κατατιθέμενον.</em></span> 
     </span>
    </p>

    <p class='ocr_par' dir='ltr' id='par_1_7' title="bbox 211 1278 866 2838">
     <span class='ocr_line' id='line_1_15' title="bbox 259 1278 852 1326; baseline -0.01 -10"><span class='ocrx_word' id='word_1_88' title='bbox 259 1287 299 1319; x_wconf 86' lang='lat' dir='ltr'>D,</span> <span class='ocrx_word' id='word_1_89' title='bbox 349 1282 403 1326; x_wconf 74' lang='grc' dir='ltr'>μὴ</span> <span class='ocrx_word' id='word_1_90' title='bbox 445 1279 494 1314; x_wconf 68' lang='grc' dir='ltr'><em>οὔ</em></span> <span class='ocrx_word' id='word_1_91' title='bbox 535 1279 604 1320; x_wconf 66' lang='grc' dir='ltr'>δὲῃ</span> <span class='ocrx_word' id='word_1_92' title='bbox 648 1278 852 1321; x_wconf 69' lang='grc' dir='ltr'><em>ὑπολογί-</em></span> 
     </span>
     <span class='ocr_line' id='line_1_16' title="bbox 211 1323 852 1373; baseline -0.012 -9"><span class='ocrx_word' id='word_1_93' title='bbox 211 1332 369 1373; x_wconf 70' lang='grc' dir='ltr'><em>ζεσθαι</em></span> <span class='ocrx_word' id='word_1_94' title='bbox 409 1349 452 1355; x_wconf 89' lang='lat'>-—</span> <span class='ocrx_word' id='word_1_95' title='bbox 495 1325 576 1369; x_wconf 72' lang='grc' dir='ltr'>πρὸ</span> <span class='ocrx_word' id='word_1_96' title='bbox 644 1327 718 1357; x_wconf 85' lang='grc' dir='ltr'><em>τοῦ</em></span> <span class='ocrx_word' id='word_1_97' title='bbox 767 1323 852 1357; x_wconf 82' lang='grc' dir='ltr'><em>ἀδι-</em></span> 
     </span>
     <span class='ocr_line' id='line_1_17' title="bbox 213 1371 855 1418; baseline -0.012 -8"><span class='ocrx_word' id='word_1_98' title='bbox 213 1378 328 1418; x_wconf 79' lang='grc' dir='ltr'><em>κεῖν]</em></span> <span class='ocrx_word' id='word_1_99' title='bbox 358 1378 504 1417; x_wconf 74' lang='lat' dir='ltr'>Apo&#39;og.</span> <span class='ocrx_word' id='word_1_100' title='bbox 532 1385 563 1415; x_wconf 86' lang='lat' dir='ltr'>p.</span> <span class='ocrx_word' id='word_1_101' title='bbox 589 1372 643 1406; x_wconf 69' lang='lat'>28.</span> <span class='ocrx_word' id='word_1_102' title='bbox 672 1373 718 1404; x_wconf 88' lang='lat' dir='ltr'>D:</span> <span class='ocrx_word' id='word_1_103' title='bbox 751 1371 855 1414; x_wconf 66' lang='grc' dir='ltr'><em>μηδὲν</em></span> 
     </span>
     <span class='ocr_line' id='line_1_18' title="bbox 214 1417 856 1465; baseline -0.012 -9"><span class='ocrx_word' id='word_1_104' title='bbox 214 1421 505 1465; x_wconf 67' lang='grc' dir='ltr'><em>ὑπολογιζόμενοι)</em></span> <span class='ocrx_word' id='word_1_105' title='bbox 518 1418 597 1461; x_wconf 71' lang='grc' dir='ltr'><em>μήτε</em></span> <span class='ocrx_word' id='word_1_106' title='bbox 608 1417 762 1449; x_wconf 74' lang='grc' dir='ltr'><em>θάνατον</em></span> <span class='ocrx_word' id='word_1_107' title='bbox 775 1417 856 1460; x_wconf 70' lang='grc' dir='ltr'><em>μήτε</em></span> 
     </span>
     <span class='ocr_line' id='line_1_19' title="bbox 214 1464 857 1510; baseline -0.012 -7"><span class='ocrx_word' id='word_1_108' title='bbox 214 1470 293 1503; x_wconf 71' lang='grc' dir='ltr'><em>ἄλλο</em></span> <span class='ocrx_word' id='word_1_109' title='bbox 319 1468 422 1510; x_wconf 80' lang='grc' dir='ltr'><em>μηδὲν</em></span> <span class='ocrx_word' id='word_1_110' title='bbox 449 1466 515 1508; x_wconf 80' lang='grc' dir='ltr'>πρὸ</span> <span class='ocrx_word' id='word_1_111' title='bbox 544 1466 606 1497; x_wconf 74' lang='grc' dir='ltr'><em>τοῦ</em></span> <span class='ocrx_word' id='word_1_112' title='bbox 620 1464 773 1505; x_wconf 77' lang='grc' dir='ltr'>αἰσχροῦ,</span> <span class='ocrx_word' id='word_1_113' title='bbox 801 1465 857 1496; x_wconf 86' lang='lat' dir='ltr'>ubi</span> 
     </span>
     <span class='ocr_line' id='line_1_20' title="bbox 213 1510 858 1556; baseline -0.014 -6"><span class='ocrx_word' id='word_1_114' title='bbox 213 1518 292 1550; x_wconf 83' lang='lat' dir='ltr'>vide</span> <span class='ocrx_word' id='word_1_115' title='bbox 323 1526 409 1556; x_wconf 83' lang='lat' dir='ltr'>quae</span> <span class='ocrx_word' id='word_1_116' title='bbox 441 1515 597 1545; x_wconf 82' lang='lat' dir='ltr'>diximus,</span> <span class='ocrx_word' id='word_1_117' title='bbox 648 1510 781 1543; x_wconf 70' lang='lat' dir='ltr'>Sensus</span> <span class='ocrx_word' id='word_1_118' title='bbox 805 1510 858 1542; x_wconf 85' lang='lat' dir='ltr'>hic</span> 
     </span>
     <span class='ocr_line' id='line_1_21' title="bbox 216 1555 857 1596; baseline -0.014 -1"><span class='ocrx_word' id='word_1_119' title='bbox 216 1568 286 1596; x_wconf 79' lang='lat' dir='ltr'>est:</span> <span class='ocrx_word' id='word_1_120' title='bbox 312 1562 409 1593; x_wconf 75' lang='lat' dir='ltr'>vide</span> <span class='ocrx_word' id='word_1_121' title='bbox 436 1570 480 1591; x_wconf 89' lang='lat' dir='ltr'>ne</span> <span class='ocrx_word' id='word_1_122' title='bbox 507 1567 585 1589; x_wconf 89' lang='lat' dir='ltr'>non</span> <span class='ocrx_word' id='word_1_123' title='bbox 615 1555 777 1588; x_wconf 82' lang='lat' dir='ltr'>deceat</span> <span class='ocrx_word' id='word_1_124' title='bbox 795 1566 857 1587; x_wconf 86' lang='lat' dir='ltr'>re-</span> 
     </span>
     <span class='ocr_line' id='line_1_22' title="bbox 216 1601 858 1652; baseline -0.014 -11"><span class='ocrx_word' id='word_1_125' title='bbox 216 1614 390 1652; x_wconf 79' lang='lat' dir='ltr'>putare,</span> <span class='ocrx_word' id='word_1_126' title='bbox 419 1615 511 1637; x_wconf 87' lang='lat' dir='ltr'>num</span> <span class='ocrx_word' id='word_1_127' title='bbox 529 1602 673 1641; x_wconf 80' lang='lat' dir='ltr'>nobis,</span> <span class='ocrx_word' id='word_1_128' title='bbox 702 1602 768 1633; x_wconf 90' lang='lat' dir='ltr'>ubi</span> <span class='ocrx_word' id='word_1_129' title='bbox 791 1601 858 1632; x_wconf 80' lang='lat' dir='ltr'>liic</span> 
     </span>
     <span class='ocr_line' id='line_1_23' title="bbox 219 1652 857 1688; baseline -0.014 -1"><span class='ocrx_word' id='word_1_130' title='bbox 219 1653 533 1688; x_wconf 68' lang='lat' dir='ltr'>manserimus,</span> <span class='ocrx_word' id='word_1_131' title='bbox 568 1658 687 1679; x_wconf 83' lang='lat' dir='ltr'>mors</span> <span class='ocrx_word' id='word_1_132' title='bbox 721 1652 792 1680; x_wconf 86' lang='lat' dir='ltr'>aut</span> <span class='ocrx_word' id='word_1_133' title='bbox 821 1657 857 1678; x_wconf 90' lang='lat' dir='ltr'>a-</span> 
     </span>
     <span class='ocr_line' id='line_1_24' title="bbox 218 1694 857 1733; baseline -0.017 0"><span class='ocrx_word' id='word_1_134' title='bbox 218 1702 312 1733; x_wconf 85' lang='lat' dir='ltr'>liae</span> <span class='ocrx_word' id='word_1_135' title='bbox 355 1696 636 1729; x_wconf 77' lang='lat' dir='ltr'><strong>calamitates</strong></span> <span class='ocrx_word' id='word_1_136' title='bbox 676 1694 857 1726; x_wconf 78' lang='lat' dir='ltr'>subeun-</span> 
     </span>
     <span class='ocr_line' id='line_1_25' title="bbox 218 1741 857 1783; baseline -0.014 -5"><span class='ocrx_word' id='word_1_137' title='bbox 218 1748 295 1778; x_wconf 82' lang='lat' dir='ltr'>dae</span> <span class='ocrx_word' id='word_1_138' title='bbox 330 1744 435 1781; x_wconf 79' lang='lat' dir='ltr'>sint,</span> <span class='ocrx_word' id='word_1_139' title='bbox 474 1741 721 1783; x_wconf 79' lang='lat' dir='ltr'>priusquam</span> <span class='ocrx_word' id='word_1_140' title='bbox 760 1748 857 1771; x_wconf 89' lang='lat' dir='ltr'>con-</span> 
     </span>
     <span class='ocr_line' id='line_1_26' title="bbox 217 1789 858 1827; baseline -0.014 -3"><span class='ocrx_word' id='word_1_141' title='bbox 217 1790 704 1827; x_wconf 63' lang='lat' dir='ltr'>siderax·in=11s,11trum</span> <span class='ocrx_word' id='word_1_142' title='bbox 733 1789 858 1817; x_wconf 82' lang='lat' dir='ltr'>recte</span> 
     </span>
     <span class='ocr_line' id='line_1_27' title="bbox 217 1831 857 1871; baseline -0.016 -1"><span class='ocrx_word' id='word_1_143' title='bbox 217 1837 378 1871; x_wconf 82' lang='lat' dir='ltr'>facturi</span> <span class='ocrx_word' id='word_1_144' title='bbox 421 1835 554 1865; x_wconf 88' lang='lat' dir='ltr'>simus</span> <span class='ocrx_word' id='word_1_145' title='bbox 603 1841 752 1863; x_wconf 82' lang='lat' dir='ltr'>necne:</span> <span class='ocrx_word' id='word_1_146' title='bbox 806 1831 857 1861; x_wconf 78' lang='lat' dir='ltr'>vel</span> 
     </span>
     <span class='ocr_line' id='line_1_28' title="bbox 218 1880 859 1926; baseline -0.014 -11"><span class='ocrx_word' id='word_1_147' title='bbox 218 1884 456 1926; x_wconf 79' lang='lat' dir='ltr'>priusquam</span> <span class='ocrx_word' id='word_1_148' title='bbox 481 1880 648 1910; x_wconf 77' lang='lat' dir='ltr'>iniuste</span> <span class='ocrx_word' id='word_1_149' title='bbox 666 1886 859 1918; x_wconf 80' lang='lat' dir='ltr'>agamuS.</span> 
     </span>
     <span class='ocr_line' id='line_1_29' title="bbox 221 1922 860 1971; baseline -0.016 -9"><span class='ocrx_word' id='word_1_150' title='bbox 221 1927 432 1971; x_wconf 78' lang='grc' dir='ltr'><em>Παραμένειν</em></span> <span class='ocrx_word' id='word_1_151' title='bbox 451 1929 503 1957; x_wconf 86' lang='lat' dir='ltr'>est</span> <span class='ocrx_word' id='word_1_152' title='bbox 517 1933 690 1956; x_wconf 88' lang='lat' dir='ltr'>manere</span> <span class='ocrx_word' id='word_1_153' title='bbox 710 1924 748 1954; x_wconf 92' lang='lat' dir='ltr'>in</span> <span class='ocrx_word' id='word_1_154' title='bbox 774 1922 860 1953; x_wconf 74' lang='lat' dir='ltr'>vin-</span> 
     </span>
     <span class='ocr_line' id='line_1_30' title="bbox 218 1968 861 2013; baseline -0.016 -5"><span class='ocrx_word' id='word_1_155' title='bbox 218 1968 861 2013; x_wconf 82' lang='lat' dir='ltr'>culisnequeincleaufugere:</span> 
     </span>
     <span class='ocr_line' id='line_1_31' title="bbox 218 2014 862 2055; baseline -0.019 0"><span class='ocrx_word' id='word_1_156' title='bbox 218 2021 341 2055; x_wconf 87' lang='lat' dir='ltr'>dicitur</span> <span class='ocrx_word' id='word_1_157' title='bbox 364 2022 478 2050; x_wconf 90' lang='lat' dir='ltr'>autem</span> <span class='ocrx_word' id='word_1_158' title='bbox 507 2016 654 2047; x_wconf 84' lang='lat' dir='ltr'>maxime</span> <span class='ocrx_word' id='word_1_159' title='bbox 685 2014 727 2046; x_wconf 76' lang='lat' dir='ltr'>(ie</span> <span class='ocrx_word' id='word_1_160' title='bbox 753 2014 862 2045; x_wconf 74' lang='lat' dir='ltr'>servis</span> 
     </span>
     <span class='ocr_line' id='line_1_32' title="bbox 219 2058 861 2103; baseline -0.02 -3"><span class='ocrx_word' id='word_1_161' title='bbox 219 2067 392 2103; x_wconf 84' lang='lat' dir='ltr'>fidelibus,</span> <span class='ocrx_word' id='word_1_162' title='bbox 419 2058 644 2101; x_wconf 76' lang='grc' dir='ltr'><em>παραμόνοις,</em></span> <span class='ocrx_word' id='word_1_163' title='bbox 658 2060 779 2100; x_wconf 87' lang='lat' dir='ltr'>quibus</span> <span class='ocrx_word' id='word_1_164' title='bbox 799 2069 861 2099; x_wconf 89' lang='lat' dir='ltr'>op-</span> 
     </span>
     <span class='ocr_line' id='line_1_33' title="bbox 220 2104 861 2156; baseline -0.017 -11"><span class='ocrx_word' id='word_1_165' title='bbox 220 2116 392 2156; x_wconf 88' lang='lat' dir='ltr'>ponuntur</span> <span class='ocrx_word' id='word_1_166' title='bbox 409 2109 444 2141; x_wconf 91' lang='grc' dir='ltr'><em>οἰ</em></span> <span class='ocrx_word' id='word_1_167' title='bbox 462 2104 784 2147; x_wconf 74' lang='grc' dir='ltr'><em>ἀποδιδράσκοντες,</em></span> <span class='ocrx_word' id='word_1_168' title='bbox 801 2105 861 2135; x_wconf 77' lang='lat' dir='ltr'>fu-</span> 
     </span>
     <span class='ocr_line' id='line_1_34' title="bbox 222 2149 858 2201; baseline -0.014 -11"><span class='ocrx_word' id='word_1_169' title='bbox 222 2157 363 2201; x_wconf 67' lang='lat' dir='ltr'>gitivi.</span> <span class='ocrx_word' id='word_1_170' title='bbox 381 2167 412 2187; x_wconf 78' lang='lat' dir='ltr'>v.</span> <span class='ocrx_word' id='word_1_171' title='bbox 428 2153 623 2195; x_wconf 82' lang='lat' dir='ltr'>Xenopli.</span> <span class='ocrx_word' id='word_1_172' title='bbox 638 2151 722 2184; x_wconf 86' lang='lat' dir='ltr'>Oec.</span> <span class='ocrx_word' id='word_1_173' title='bbox 742 2151 800 2182; x_wconf 83' lang='grc' dir='ltr'>ΙΙΙ.</span> <span class='ocrx_word' id='word_1_174' title='bbox 825 2149 858 2183; x_wconf 84' lang='grc'>4.</span> 
     </span>
     <span class='ocr_line' id='line_1_35' title="bbox 231 2196 861 2243; baseline -0.017 -6"><span class='ocrx_word' id='word_1_175' title='bbox 231 2199 309 2236; x_wconf 22' lang='grc' dir='ltr'>(Ε.</span> <span class='ocrx_word' id='word_1_176' title='bbox 360 2199 414 2233; x_wconf 76' lang='grc' dir='ltr'>ὠς</span> <span class='ocrx_word' id='word_1_177' title='bbox 453 2197 532 2243; x_wconf 73' lang='grc' dir='ltr'>ἐγὼ</span> <span class='ocrx_word' id='word_1_178' title='bbox 565 2198 661 2239; x_wconf 78' lang='grc' dir='ltr'><em>περὶ</em></span> <span class='ocrx_word' id='word_1_179' title='bbox 701 2196 861 2228; x_wconf 70' lang='grc' dir='ltr'><em>πολλοῦ</em></span> 
     </span>
     <span class='ocr_line' id='line_1_36' title="bbox 222 2242 858 2289; baseline -0.013 -9"><span class='ocrx_word' id='word_1_180' title='bbox 222 2268 266 2274; x_wconf 96' lang='grc'>-</span> <span class='ocrx_word' id='word_1_181' title='bbox 293 2245 392 2280; x_wconf 71' lang='grc' dir='ltr'>ἀλλὰ</span> <span class='ocrx_word' id='word_1_182' title='bbox 422 2244 474 2289; x_wconf 81' lang='grc' dir='ltr'>μὴ</span> <span class='ocrx_word' id='word_1_183' title='bbox 501 2243 712 2283; x_wconf 82' lang='grc' dir='ltr'><em>ἄκοντος]</em></span> <span class='ocrx_word' id='word_1_184' title='bbox 766 2242 858 2274; x_wconf 86' lang='lat' dir='ltr'>Lon-</span> 
     </span>
     <span class='ocr_line' id='line_1_37' title="bbox 222 2289 859 2337; baseline -0.014 -9"><span class='ocrx_word' id='word_1_185' title='bbox 222 2305 301 2337; x_wconf 77' lang='lat' dir='ltr'>gum</span> <span class='ocrx_word' id='word_1_186' title='bbox 342 2298 397 2327; x_wconf 85' lang='lat' dir='ltr'>est</span> <span class='ocrx_word' id='word_1_187' title='bbox 433 2294 656 2333; x_wconf 82' lang='lat' dir='ltr'>interpretum</span> <span class='ocrx_word' id='word_1_188' title='bbox 696 2289 859 2327; x_wconf 86' lang='lat' dir='ltr'>rationes,</span> 
     </span>
     <span class='ocr_line' id='line_1_38' title="bbox 222 2334 860 2382; baseline -0.013 -9"><span class='ocrx_word' id='word_1_189' title='bbox 222 2351 308 2382; x_wconf 81' lang='lat' dir='ltr'>quas</span> <span class='ocrx_word' id='word_1_190' title='bbox 335 2341 490 2376; x_wconf 87' lang='lat' dir='ltr'>inierunt,</span> <span class='ocrx_word' id='word_1_191' title='bbox 516 2343 553 2369; x_wconf 86' lang='lat' dir='ltr'>ut</span> <span class='ocrx_word' id='word_1_192' title='bbox 578 2336 662 2369; x_wconf 83' lang='lat' dir='ltr'>baec</span> <span class='ocrx_word' id='word_1_193' title='bbox 678 2335 778 2367; x_wconf 77' lang='lat' dir='ltr'>verba</span> <span class='ocrx_word' id='word_1_194' title='bbox 797 2334 860 2366; x_wconf 90' lang='lat' dir='ltr'>rite</span> 
     </span>
     <span class='ocr_line' id='line_1_39' title="bbox 222 2382 860 2428; baseline -0.014 -9"><span class='ocrx_word' id='word_1_195' title='bbox 222 2387 497 2428; x_wconf 76' lang='lat' dir='ltr'>explanarentur,</span> <span class='ocrx_word' id='word_1_196' title='bbox 525 2382 645 2415; x_wconf 77' lang='lat' dir='ltr'>ordine</span> <span class='ocrx_word' id='word_1_197' title='bbox 663 2390 860 2414; x_wconf 80' lang='lat' dir='ltr'>recensere:</span> 
     </span>
     <span class='ocr_line' id='line_1_40' title="bbox 221 2426 859 2474; baseline -0.011 -10"><span class='ocrx_word' id='word_1_198' title='bbox 221 2442 305 2474; x_wconf 84' lang='lat' dir='ltr'>quas</span> <span class='ocrx_word' id='word_1_199' title='bbox 330 2432 385 2473; x_wconf 84' lang='lat' dir='ltr'>qui</span> <span class='ocrx_word' id='word_1_200' title='bbox 412 2439 622 2471; x_wconf 75' lang='lat' dir='ltr'>cognoscere</span> <span class='ocrx_word' id='word_1_201' title='bbox 648 2427 806 2468; x_wconf 83' lang='lat' dir='ltr'>cupiunt,</span> <span class='ocrx_word' id='word_1_202' title='bbox 839 2426 859 2458; x_wconf 93' lang='lat' dir='ltr'>ii</span> 
     </span>
     <span class='ocr_line' id='line_1_41' title="bbox 222 2472 862 2509; baseline -0.009 0"><span class='ocrx_word' id='word_1_203' title='bbox 222 2477 348 2509; x_wconf 79' lang='lat' dir='ltr'>adeant</span> <span class='ocrx_word' id='word_1_204' title='bbox 380 2476 635 2508; x_wconf 87' lang='lat' dir='ltr'>Fischerum</span> <span class='ocrx_word' id='word_1_205' title='bbox 677 2478 711 2505; x_wconf 87' lang='lat' dir='ltr'>et</span> <span class='ocrx_word' id='word_1_206' title='bbox 742 2472 862 2504; x_wconf 80' lang='lat' dir='ltr'>Butt-</span> 
     </span>
     <span class='ocr_line' id='line_1_42' title="bbox 223 2517 863 2556; baseline -0.009 -1"><span class='ocrx_word' id='word_1_207' title='bbox 223 2533 427 2556; x_wconf 82' lang='lat' dir='ltr'>mannum.</span> <span class='ocrx_word' id='word_1_208' title='bbox 461 2520 647 2553; x_wconf 83' lang='lat' dir='ltr'>Addidisse</span> <span class='ocrx_word' id='word_1_209' title='bbox 673 2524 786 2551; x_wconf 84' lang='lat' dir='ltr'>tamen</span> <span class='ocrx_word' id='word_1_210' title='bbox 811 2517 863 2549; x_wconf 89' lang='lat' dir='ltr'>iu-</span> 
     </span>
     <span class='ocr_line' id='line_1_43' title="bbox 223 2563 863 2609; baseline -0.008 -10"><span class='ocrx_word' id='word_1_211' title='bbox 223 2570 338 2608; x_wconf 73' lang='lat' dir='ltr'>vabit,</span> <span class='ocrx_word' id='word_1_212' title='bbox 384 2578 491 2609; x_wconf 90' lang='lat' dir='ltr'>nuper</span> <span class='ocrx_word' id='word_1_213' title='bbox 522 2564 787 2598; x_wconf 83' lang='lat' dir='ltr'>Heinicliium</span> <span class='ocrx_word' id='word_1_214' title='bbox 832 2563 863 2594; x_wconf 88' lang='lat' dir='ltr'>in</span> 
     </span>
     <span class='ocr_line' id='line_1_44' title="bbox 224 2608 864 2655; baseline -0.006 -9"><span class='ocrx_word' id='word_1_215' title='bbox 224 2618 340 2655; x_wconf 85' lang='lat' dir='ltr'>Progr.</span> <span class='ocrx_word' id='word_1_216' title='bbox 354 2614 520 2655; x_wconf 71' lang='lat' dir='ltr'>Gymnas.</span> <span class='ocrx_word' id='word_1_217' title='bbox 533 2612 704 2643; x_wconf 82' lang='lat' dir='ltr'>Zwiccav.</span> <span class='ocrx_word' id='word_1_218' title='bbox 721 2622 751 2644; x_wconf 85' lang='lat' dir='ltr'>a.</span> <span class='ocrx_word' id='word_1_219' title='bbox 763 2608 864 2643; x_wconf 81' lang='lat'>1847.</span> 
     </span>
     <span class='ocr_line' id='line_1_45' title="bbox 226 2655 863 2696; baseline -0.009 -4"><span class='ocrx_word' id='word_1_220' title='bbox 226 2662 336 2692; x_wconf 93' lang='lat' dir='ltr'>locum</span> <span class='ocrx_word' id='word_1_221' title='bbox 373 2659 458 2691; x_wconf 80' lang='lat' dir='ltr'>hunc</span> <span class='ocrx_word' id='word_1_222' title='bbox 493 2660 524 2690; x_wconf 89' lang='lat' dir='ltr'>in</span> <span class='ocrx_word' id='word_1_223' title='bbox 561 2656 699 2690; x_wconf 87' lang='lat' dir='ltr'>modurn</span> <span class='ocrx_word' id='word_1_224' title='bbox 740 2655 863 2696; x_wconf 75' lang='lat' dir='ltr'>corrigi</span> 
     </span>
     <span class='ocr_line' id='line_1_46' title="bbox 226 2701 866 2745; baseline -0.005 -10"><span class='ocrx_word' id='word_1_225' title='bbox 226 2707 391 2737; x_wconf 81' lang='lat' dir='ltr'>voluisse:</span> <span class='ocrx_word' id='word_1_226' title='bbox 435 2701 481 2736; x_wconf 77' lang='grc' dir='ltr'>ὡς</span> <span class='ocrx_word' id='word_1_227' title='bbox 519 2702 585 2745; x_wconf 80' lang='grc' dir='ltr'>ἐγὼ</span> <span class='ocrx_word' id='word_1_228' title='bbox 627 2702 702 2743; x_wconf 82' lang='grc' dir='ltr'><em>περὶ</em></span> <span class='ocrx_word' id='word_1_229' title='bbox 737 2701 866 2733; x_wconf 76' lang='grc' dir='ltr'><em>πολλοῦ</em></span> 
     </span>
     <span class='ocr_line' id='line_1_47' title="bbox 226 2746 863 2790; baseline -0.005 -9"><span class='ocrx_word' id='word_1_230' title='bbox 226 2752 397 2790; x_wconf 81' lang='grc' dir='ltr'><em>ποιοῦμαί</em></span> <span class='ocrx_word' id='word_1_231' title='bbox 418 2761 455 2783; x_wconf 88' lang='grc' dir='ltr'>σε</span> <span class='ocrx_word' id='word_1_232' title='bbox 481 2750 584 2782; x_wconf 84' lang='grc' dir='ltr'><em>ταῦτα</em></span> <span class='ocrx_word' id='word_1_233' title='bbox 609 2746 775 2790; x_wconf 80' lang='grc' dir='ltr'><em>πράττειν,</em></span> <span class='ocrx_word' id='word_1_234' title='bbox 795 2750 863 2778; x_wconf 79' lang='grc' dir='ltr'><em>πεῖ-</em></span> 
     </span>
     <span class='ocr_line' id='line_1_48' title="bbox 226 2793 864 2838; baseline -0.008 -10"><span class='ocrx_word' id='word_1_235' title='bbox 226 2807 291 2832; x_wconf 82' lang='grc' dir='ltr'><em>σαι,</em></span> <span class='ocrx_word' id='word_1_236' title='bbox 317 2793 398 2828; x_wconf 67' lang='grc' dir='ltr'>ἀλλὰ</span> <span class='ocrx_word' id='word_1_237' title='bbox 422 2794 466 2838; x_wconf 82' lang='grc' dir='ltr'>μὴ</span> <span class='ocrx_word' id='word_1_238' title='bbox 493 2794 656 2828; x_wconf 73' lang='grc' dir='ltr'><em>ἄκοντος.</em></span> <span class='ocrx_word' id='word_1_239' title='bbox 687 2800 722 2828; x_wconf 91' lang='lat' dir='ltr'>ut</span> <span class='ocrx_word' id='word_1_240' title='bbox 753 2797 864 2826; x_wconf 81' lang='grc' dir='ltr'><em>πεῖσαι</em></span> 
     </span>
    </p>
   </div>
   <div class='ocr_carea' id='block_1_6' title="bbox 932 1145 1586 2836">
    <p class='ocr_par' dir='ltr' id='par_1_8' title="bbox 932 1145 1586 2836">
     <span class='ocr_line' id='line_1_49' title="bbox 932 1145 1573 1186; baseline 0.003 -10"><span class='ocrx_word' id='word_1_241' title='bbox 932 1146 1139 1186; x_wconf 72' lang='lat' dir='ltr'>epexegesin</span> <span class='ocrx_word' id='word_1_242' title='bbox 1167 1145 1340 1177; x_wconf 79' lang='lat' dir='ltr'>contineat</span> <span class='ocrx_word' id='word_1_243' title='bbox 1373 1146 1573 1179; x_wconf 81' lang='lat' dir='ltr'>verborum:</span> 
     </span>
     <span class='ocr_line' id='line_1_50' title="bbox 935 1191 1575 1230; baseline 0.003 -9"><span class='ocrx_word' id='word_1_244' title='bbox 935 1191 1038 1221; x_wconf 75' lang='grc' dir='ltr'><em>ταῦτα</em></span> <span class='ocrx_word' id='word_1_245' title='bbox 1065 1201 1237 1230; x_wconf 72' lang='grc' dir='ltr'><em>πραττεινε</em></span> <span class='ocrx_word' id='word_1_246' title='bbox 1289 1191 1480 1224; x_wconf 79' lang='lat' dir='ltr'>Wexium</span> <span class='ocrx_word' id='word_1_247' title='bbox 1516 1202 1575 1223; x_wconf 83' lang='lat' dir='ltr'>au-</span> 
     </span>
     <span class='ocr_line' id='line_1_51' title="bbox 933 1236 1577 1269; baseline 0 0"><span class='ocrx_word' id='word_1_248' title='bbox 933 1243 1002 1269; x_wconf 83' lang='lat' dir='ltr'>tem</span> <span class='ocrx_word' id='word_1_249' title='bbox 1032 1237 1061 1267; x_wconf 87' lang='lat' dir='ltr'>in</span> <span class='ocrx_word' id='word_1_250' title='bbox 1090 1236 1231 1268; x_wconf 75' lang='lat' dir='ltr'>Ialinii</span> <span class='ocrx_word' id='word_1_251' title='bbox 1260 1242 1295 1268; x_wconf 81' lang='lat' dir='ltr'>et</span> <span class='ocrx_word' id='word_1_252' title='bbox 1316 1237 1481 1269; x_wconf 84' lang='lat' dir='ltr'>Klotzii</span> <span class='ocrx_word' id='word_1_253' title='bbox 1509 1240 1577 1268; x_wconf 67' lang='lat' dir='ltr'>An-</span> 
     </span>
     <span class='ocr_line' id='line_1_52' title="bbox 934 1282 1577 1317; baseline -0.002 -3"><span class='ocrx_word' id='word_1_254' title='bbox 934 1284 1001 1316; x_wconf 88' lang='lat' dir='ltr'>nal.</span> <span class='ocrx_word' id='word_1_255' title='bbox 1038 1282 1143 1315; x_wconf 82' lang='lat' dir='ltr'>Paed.</span> <span class='ocrx_word' id='word_1_256' title='bbox 1180 1287 1214 1315; x_wconf 86' lang='lat' dir='ltr'>et</span> <span class='ocrx_word' id='word_1_257' title='bbox 1247 1283 1375 1315; x_wconf 86' lang='lat' dir='ltr'>Philol.</span> <span class='ocrx_word' id='word_1_258' title='bbox 1409 1284 1488 1315; x_wconf 89' lang='lat' dir='ltr'>Vol.</span> <span class='ocrx_word' id='word_1_259' title='bbox 1524 1283 1577 1317; x_wconf 81' lang='lat'>73.</span> 
     </span>
     <span class='ocr_line' id='line_1_53' title="bbox 935 1328 1577 1370; baseline 0.002 -9"><span class='ocrx_word' id='word_1_260' title='bbox 935 1329 1034 1361; x_wconf 77' lang='lat' dir='ltr'>Fasc.</span> <span class='ocrx_word' id='word_1_261' title='bbox 1071 1328 1125 1362; x_wconf 81' lang='lat'>10.</span> <span class='ocrx_word' id='word_1_262' title='bbox 1169 1339 1201 1370; x_wconf 88' lang='lat' dir='ltr'>p.</span> <span class='ocrx_word' id='word_1_263' title='bbox 1233 1329 1311 1363; x_wconf 80' lang='lat'>669.</span> <span class='ocrx_word' id='word_1_264' title='bbox 1357 1339 1433 1364; x_wconf 86' lang='lat' dir='ltr'>aun.</span> <span class='ocrx_word' id='word_1_265' title='bbox 1476 1329 1577 1363; x_wconf 76' lang='lat'><strong>1856.</strong></span> 
     </span>
     <span class='ocr_line' id='line_1_54' title="bbox 935 1374 1578 1407; baseline 0 -1"><span class='ocrx_word' id='word_1_266' title='bbox 935 1378 1048 1406; x_wconf 81' lang='grc' dir='ltr'><em>πεῖσαι</em></span> <span class='ocrx_word' id='word_1_267' title='bbox 1074 1374 1274 1407; x_wconf 83' lang='lat' dir='ltr'>eiiciendum</span> <span class='ocrx_word' id='word_1_268' title='bbox 1306 1375 1481 1407; x_wconf 80' lang='lat' dir='ltr'>statuisse.</span> <span class='ocrx_word' id='word_1_269' title='bbox 1504 1374 1578 1406; x_wconf 88' lang='lat' dir='ltr'>No-</span> 
     </span>
     <span class='ocr_line' id='line_1_55' title="bbox 936 1421 1576 1461; baseline -0.002 -8"><span class='ocrx_word' id='word_1_270' title='bbox 936 1421 988 1453; x_wconf 88' lang='lat' dir='ltr'>bis</span> <span class='ocrx_word' id='word_1_271' title='bbox 1014 1430 1095 1452; x_wconf 84' lang='lat' dir='ltr'>vero</span> <span class='ocrx_word' id='word_1_272' title='bbox 1123 1430 1164 1452; x_wconf 90' lang='lat' dir='ltr'>ne</span> <span class='ocrx_word' id='word_1_273' title='bbox 1188 1431 1250 1452; x_wconf 79' lang='lat' dir='ltr'>una</span> <span class='ocrx_word' id='word_1_274' title='bbox 1277 1421 1410 1461; x_wconf 73' lang='lat' dir='ltr'>quidem</span> <span class='ocrx_word' id='word_1_275' title='bbox 1437 1421 1576 1453; x_wconf 68' lang='lat' dir='ltr'>critieo-</span> 
     </span>
     <span class='ocr_line' id='line_1_56' title="bbox 937 1466 1580 1499; baseline -0.003 0"><span class='ocrx_word' id='word_1_276' title='bbox 937 1477 1010 1499; x_wconf 89' lang='lat' dir='ltr'>rum</span> <span class='ocrx_word' id='word_1_277' title='bbox 1038 1467 1209 1498; x_wconf 80' lang='lat' dir='ltr'>sententia</span> <span class='ocrx_word' id='word_1_278' title='bbox 1245 1466 1353 1498; x_wconf 82' lang='lat' dir='ltr'>adhue</span> <span class='ocrx_word' id='word_1_279' title='bbox 1379 1468 1462 1498; x_wconf 84' lang='lat' dir='ltr'>satis</span> <span class='ocrx_word' id='word_1_280' title='bbox 1486 1470 1580 1498; x_wconf 81' lang='lat' dir='ltr'>recta</span> 
     </span>
     <span class='ocr_line' id='line_1_57' title="bbox 938 1512 1580 1552; baseline 0 -9"><span class='ocrx_word' id='word_1_281' title='bbox 938 1514 1009 1544; x_wconf 75' lang='lat' dir='ltr'>risa</span> <span class='ocrx_word' id='word_1_282' title='bbox 1037 1517 1100 1545; x_wconf 87' lang='lat' dir='ltr'>est.</span> <span class='ocrx_word' id='word_1_283' title='bbox 1156 1512 1273 1552; x_wconf 82' lang='lat' dir='ltr'>ltaque</span> <span class='ocrx_word' id='word_1_284' title='bbox 1305 1513 1414 1544; x_wconf 80' lang='lat' dir='ltr'>satius</span> <span class='ocrx_word' id='word_1_285' title='bbox 1446 1512 1580 1543; x_wconf 72' lang='lat' dir='ltr'>videtur</span> 
     </span>
     <span class='ocr_line' id='line_1_58' title="bbox 939 1557 1580 1599; baseline -0.003 -9"><span class='ocrx_word' id='word_1_286' title='bbox 939 1564 1048 1590; x_wconf 88' lang='lat' dir='ltr'>totam</span> <span class='ocrx_word' id='word_1_287' title='bbox 1081 1567 1238 1589; x_wconf 84' lang='lat' dir='ltr'>caussam</span> <span class='ocrx_word' id='word_1_288' title='bbox 1272 1557 1384 1589; x_wconf 81' lang='lat' dir='ltr'>denuo</span> <span class='ocrx_word' id='word_1_289' title='bbox 1411 1567 1580 1599; x_wconf 77' lang='lat' dir='ltr'>recogno-</span> 
     </span>
     <span class='ocr_line' id='line_1_59' title="bbox 939 1603 1579 1644; baseline 0 -9"><span class='ocrx_word' id='word_1_290' title='bbox 939 1614 1035 1636; x_wconf 81' lang='lat' dir='ltr'>scere</span> <span class='ocrx_word' id='word_1_291' title='bbox 1070 1608 1124 1642; x_wconf 83' lang='lat' dir='ltr'>et,</span> <span class='ocrx_word' id='word_1_292' title='bbox 1158 1604 1185 1634; x_wconf 89' lang='lat' dir='ltr'>si</span> <span class='ocrx_word' id='word_1_293' title='bbox 1218 1603 1288 1635; x_wconf 80' lang='lat' dir='ltr'>fieri</span> <span class='ocrx_word' id='word_1_294' title='bbox 1325 1604 1435 1644; x_wconf 78' lang='lat' dir='ltr'>possit</span> <span class='ocrx_word' id='word_1_295' title='bbox 1466 1604 1579 1643; x_wconf 85' lang='lat' dir='ltr'>aliter,</span> 
     </span>
     <span class='ocr_line' id='line_1_60' title="bbox 938 1648 1580 1690; baseline -0.003 -8"><span class='ocrx_word' id='word_1_296' title='bbox 938 1654 1039 1690; x_wconf 84' lang='lat' dir='ltr'>atque</span> <span class='ocrx_word' id='word_1_297' title='bbox 1064 1649 1106 1680; x_wconf 83' lang='lat' dir='ltr'>ab</span> <span class='ocrx_word' id='word_1_298' title='bbox 1132 1649 1194 1680; x_wconf 86' lang='lat' dir='ltr'>illis</span> <span class='ocrx_word' id='word_1_299' title='bbox 1218 1648 1345 1681; x_wconf 85' lang='lat' dir='ltr'>factum</span> <span class='ocrx_word' id='word_1_300' title='bbox 1367 1654 1431 1687; x_wconf 84' lang='lat' dir='ltr'>est,</span> <span class='ocrx_word' id='word_1_301' title='bbox 1459 1648 1580 1680; x_wconf 86' lang='lat' dir='ltr'>diiudi-</span> 
     </span>
     <span class='ocr_line' id='line_1_61' title="bbox 939 1695 1579 1727; baseline -0.002 0"><span class='ocrx_word' id='word_1_302' title='bbox 939 1705 1025 1727; x_wconf 86' lang='lat' dir='ltr'>care.</span> <span class='ocrx_word' id='word_1_303' title='bbox 1083 1695 1214 1726; x_wconf 67' lang='lat' dir='ltr'>Pendet</span> <span class='ocrx_word' id='word_1_304' title='bbox 1229 1699 1341 1726; x_wconf 81' lang='lat' dir='ltr'>autern</span> <span class='ocrx_word' id='word_1_305' title='bbox 1359 1695 1473 1726; x_wconf 77' lang='lat' dir='ltr'>iudicii</span> <span class='ocrx_word' id='word_1_306' title='bbox 1491 1695 1579 1726; x_wconf 83' lang='lat' dir='ltr'>ratio</span> 
     </span>
     <span class='ocr_line' id='line_1_62' title="bbox 940 1740 1580 1780; baseline -0.002 -8"><span class='ocrx_word' id='word_1_307' title='bbox 940 1741 1086 1773; x_wconf 77' lang='lat' dir='ltr'>maxime</span> <span class='ocrx_word' id='word_1_308' title='bbox 1121 1751 1161 1772; x_wconf 86' lang='lat' dir='ltr'>ex</span> <span class='ocrx_word' id='word_1_309' title='bbox 1196 1752 1258 1780; x_wconf 73' lang='lat' dir='ltr'>eo,</span> <span class='ocrx_word' id='word_1_310' title='bbox 1295 1745 1330 1772; x_wconf 92' lang='lat' dir='ltr'>ut</span> <span class='ocrx_word' id='word_1_311' title='bbox 1364 1740 1580 1780; x_wconf 78' lang='lat' dir='ltr'>decernatur,</span> 
     </span>
     <span class='ocr_line' id='line_1_63' title="bbox 939 1785 1582 1818; baseline -0.002 0"><span class='ocrx_word' id='word_1_312' title='bbox 939 1793 1051 1818; x_wconf 88' lang='lat' dir='ltr'>utrum</span> <span class='ocrx_word' id='word_1_313' title='bbox 1079 1785 1119 1817; x_wconf 72' lang='lat' dir='ltr'>acl</span> <span class='ocrx_word' id='word_1_314' title='bbox 1153 1787 1350 1818; x_wconf 82' lang='lat' dir='ltr'>infinitivum</span> <span class='ocrx_word' id='word_1_315' title='bbox 1379 1790 1490 1818; x_wconf 81' lang='grc' dir='ltr'><em>πεῖσαι</em></span> <span class='ocrx_word' id='word_1_316' title='bbox 1514 1785 1582 1817; x_wconf 90' lang='lat' dir='ltr'>So-</span> 
     </span>
     <span class='ocr_line' id='line_1_64' title="bbox 940 1831 1581 1873; baseline -0.003 -9"><span class='ocrx_word' id='word_1_317' title='bbox 940 1836 1055 1864; x_wconf 87' lang='lat' dir='ltr'>crates</span> <span class='ocrx_word' id='word_1_318' title='bbox 1080 1832 1167 1873; x_wconf 77' lang='lat' dir='ltr'>ipse‚</span> <span class='ocrx_word' id='word_1_319' title='bbox 1193 1843 1235 1863; x_wconf 93' lang='lat' dir='ltr'>an</span> <span class='ocrx_word' id='word_1_320' title='bbox 1263 1843 1344 1864; x_wconf 77' lang='lat' dir='ltr'>vero</span> <span class='ocrx_word' id='word_1_321' title='bbox 1372 1832 1469 1864; x_wconf 89' lang='lat' dir='ltr'>Crito</span> <span class='ocrx_word' id='word_1_322' title='bbox 1500 1831 1581 1863; x_wconf 81' lang='lat' dir='ltr'>sub-</span> 
     </span>
     <span class='ocr_line' id='line_1_65' title="bbox 940 1877 1580 1920; baseline -0.002 -10"><span class='ocrx_word' id='word_1_323' title='bbox 940 1879 1083 1920; x_wconf 83' lang='lat' dir='ltr'>iectum,</span> <span class='ocrx_word' id='word_1_324' title='bbox 1102 1879 1197 1919; x_wconf 85' lang='lat' dir='ltr'>quod</span> <span class='ocrx_word' id='word_1_325' title='bbox 1216 1883 1338 1910; x_wconf 72' lang='lat' dir='ltr'>vocant</span> <span class='ocrx_word' id='word_1_326' title='bbox 1356 1877 1516 1918; x_wconf 75' lang='lat' dir='ltr'>technici,</span> <span class='ocrx_word' id='word_1_327' title='bbox 1530 1877 1580 1909; x_wconf 83' lang='lat' dir='ltr'>in-</span> 
     </span>
     <span class='ocr_line' id='line_1_66' title="bbox 940 1922 1581 1965; baseline -0.003 -9"><span class='ocrx_word' id='word_1_328' title='bbox 940 1924 1046 1965; x_wconf 73' lang='lat' dir='ltr'>telligi</span> <span class='ocrx_word' id='word_1_329' title='bbox 1074 1924 1216 1964; x_wconf 81' lang='lat' dir='ltr'>debeat,</span> <span class='ocrx_word' id='word_1_330' title='bbox 1249 1923 1291 1956; x_wconf 83' lang='lat' dir='ltr'>de</span> <span class='ocrx_word' id='word_1_331' title='bbox 1323 1933 1387 1965; x_wconf 89' lang='lat' dir='ltr'>qua</span> <span class='ocrx_word' id='word_1_332' title='bbox 1415 1934 1452 1956; x_wconf 84' lang='lat' dir='ltr'>re</span> <span class='ocrx_word' id='word_1_333' title='bbox 1476 1922 1581 1955; x_wconf 86' lang='lat' dir='ltr'>critici</span> 
     </span>
     <span class='ocr_line' id='line_1_67' title="bbox 943 1969 1579 2002; baseline -0.002 -1"><span class='ocrx_word' id='word_1_334' title='bbox 943 1971 1085 2001; x_wconf 84' lang='lat' dir='ltr'>multum</span> <span class='ocrx_word' id='word_1_335' title='bbox 1134 1971 1222 2001; x_wconf 92' lang='lat' dir='ltr'>inter</span> <span class='ocrx_word' id='word_1_336' title='bbox 1277 1980 1315 2000; x_wconf 82' lang='lat' dir='ltr'>se</span> <span class='ocrx_word' id='word_1_337' title='bbox 1366 1969 1579 2002; x_wconf 84' lang='lat' dir='ltr'>dissentiunt.</span> 
     </span>
     <span class='ocr_line' id='line_1_68' title="bbox 943 2015 1582 2048; baseline -0.002 -1"><span class='ocrx_word' id='word_1_338' title='bbox 943 2016 1124 2048; x_wconf 84' lang='lat' dir='ltr'>Socratem</span> <span class='ocrx_word' id='word_1_339' title='bbox 1153 2016 1180 2048; x_wconf 84' lang='lat' dir='ltr'>si</span> <span class='ocrx_word' id='word_1_340' title='bbox 1201 2016 1383 2048; x_wconf 80' lang='lat' dir='ltr'>statuimus</span> <span class='ocrx_word' id='word_1_341' title='bbox 1400 2026 1477 2047; x_wconf 89' lang='lat' dir='ltr'>esse</span> <span class='ocrx_word' id='word_1_342' title='bbox 1500 2015 1582 2047; x_wconf 90' lang='lat' dir='ltr'>sub-</span> 
     </span>
     <span class='ocr_line' id='line_1_69' title="bbox 941 2058 1582 2100; baseline -0.002 -8"><span class='ocrx_word' id='word_1_343' title='bbox 941 2062 1094 2100; x_wconf 49' lang='lat' dir='ltr'>iectun12</span> <span class='ocrx_word' id='word_1_344' title='bbox 1123 2062 1225 2093; x_wconf 77' lang='grc' dir='ltr'><em>ταῦτα</em></span> <span class='ocrx_word' id='word_1_345' title='bbox 1258 2058 1413 2100; x_wconf 76' lang='grc' dir='ltr'><em>πράττειν</em></span> <span class='ocrx_word' id='word_1_346' title='bbox 1437 2070 1582 2093; x_wconf 78' lang='lat' dir='ltr'>necesse</span> 
     </span>
     <span class='ocr_line' id='line_1_70' title="bbox 941 2104 1583 2149; baseline -0.003 -10"><span class='ocrx_word' id='word_1_347' title='bbox 941 2112 995 2139; x_wconf 84' lang='lat' dir='ltr'>est</span> <span class='ocrx_word' id='word_1_348' title='bbox 1025 2107 1192 2147; x_wconf 74' lang='lat' dir='ltr'>significet</span> <span class='ocrx_word' id='word_1_349' title='bbox 1229 2104 1404 2138; x_wconf 69' lang='grc' dir='ltr'><em>παίεσθαι</em></span> <span class='ocrx_word' id='word_1_350' title='bbox 1442 2105 1583 2149; x_wconf 70' lang='grc' dir='ltr'><em>λέγοντα</em></span> 
     </span>
     <span class='ocr_line' id='line_1_71' title="bbox 939 2149 1580 2194; baseline 0.002 -12"><span class='ocrx_word' id='word_1_351' title='bbox 939 2149 1099 2184; x_wconf 68' lang='grc' dir='ltr'><em>πολλάκις</em></span> <span class='ocrx_word' id='word_1_352' title='bbox 1125 2151 1184 2184; x_wconf 83' lang='grc' dir='ltr'><em>τὸν</em></span> <span class='ocrx_word' id='word_1_353' title='bbox 1211 2150 1318 2184; x_wconf 75' lang='grc' dir='ltr'><em>αὐτὸν</em></span> <span class='ocrx_word' id='word_1_354' title='bbox 1335 2151 1450 2194; x_wconf 72' lang='grc' dir='ltr'><em>λόγον,</em></span> <span class='ocrx_word' id='word_1_355' title='bbox 1477 2155 1511 2184; x_wconf 85' lang='lat' dir='ltr'>et</span> <span class='ocrx_word' id='word_1_356' title='bbox 1539 2151 1580 2183; x_wconf 84' lang='lat' dir='ltr'>ad</span> 
     </span>
     <span class='ocr_line' id='line_1_72' title="bbox 941 2196 1581 2240; baseline -0.003 -10"><span class='ocrx_word' id='word_1_357' title='bbox 941 2196 1086 2230; x_wconf 76' lang='grc' dir='ltr'><em>ἄκοντος</em></span> <span class='ocrx_word' id='word_1_358' title='bbox 1129 2198 1354 2240; x_wconf 71' lang='lat' dir='ltr'>supplendum</span> <span class='ocrx_word' id='word_1_359' title='bbox 1406 2205 1459 2231; x_wconf 77' lang='lat' dir='ltr'>est</span> <span class='ocrx_word' id='word_1_360' title='bbox 1505 2197 1581 2235; x_wconf 84' lang='grc' dir='ltr'><em>σοῦ,</em></span> 
     </span>
     <span class='ocr_line' id='line_1_73' title="bbox 939 2245 1581 2277; baseline -0.002 -2"><span class='ocrx_word' id='word_1_361' title='bbox 939 2250 977 2276; x_wconf 91' lang='lat' dir='ltr'>ut</span> <span class='ocrx_word' id='word_1_362' title='bbox 1002 2245 1170 2276; x_wconf 84' lang='lat' dir='ltr'>sententia</span> <span class='ocrx_word' id='word_1_363' title='bbox 1197 2245 1343 2277; x_wconf 73' lang='lat' dir='ltr'>exsistat</span> <span class='ocrx_word' id='word_1_364' title='bbox 1367 2245 1470 2276; x_wconf 86' lang='lat' dir='ltr'>haec:</span> <span class='ocrx_word' id='word_1_365' title='bbox 1501 2253 1581 2275; x_wconf 86' lang='lat' dir='ltr'>ma-</span> 
     </span>
     <span class='ocr_line' id='line_1_74' title="bbox 941 2289 1583 2331; baseline -0.002 -10"><span class='ocrx_word' id='word_1_366' title='bbox 941 2291 1012 2331; x_wconf 85' lang='lat' dir='ltr'>gni</span> <span class='ocrx_word' id='word_1_367' title='bbox 1040 2291 1148 2322; x_wconf 84' lang='lat' dir='ltr'>enim</span> <span class='ocrx_word' id='word_1_368' title='bbox 1176 2292 1291 2324; x_wconf 86' lang='lat' dir='ltr'>facio</span> <span class='ocrx_word' id='word_1_369' title='bbox 1317 2291 1399 2323; x_wconf 85' lang='lat' dir='ltr'>tibi</span> <span class='ocrx_word' id='word_1_370' title='bbox 1423 2289 1583 2331; x_wconf 88' lang='lat' dir='ltr'>(Critoni)</span> 
     </span>
     <span class='ocr_line' id='line_1_75' title="bbox 942 2337 1583 2377; baseline 0.002 -10"><span class='ocrx_word' id='word_1_371' title='bbox 942 2337 1242 2377; x_wconf 82' lang='lat' dir='ltr'>persuadere,</span> <span class='ocrx_word' id='word_1_372' title='bbox 1283 2340 1326 2368; x_wconf 85' lang='lat' dir='ltr'>ut</span> <span class='ocrx_word' id='word_1_373' title='bbox 1366 2346 1447 2368; x_wconf 92' lang='lat' dir='ltr'>non</span> <span class='ocrx_word' id='word_1_374' title='bbox 1479 2346 1583 2368; x_wconf 81' lang='lat' dir='ltr'>sem·</span> 
     </span>
     <span class='ocr_line' id='line_1_76' title="bbox 943 2381 1583 2423; baseline -0.002 -10"><span class='ocrx_word' id='word_1_375' title='bbox 943 2392 1014 2423; x_wconf 85' lang='lat' dir='ltr'>per</span> <span class='ocrx_word' id='word_1_376' title='bbox 1053 2381 1230 2415; x_wconf 83' lang='lat' dir='ltr'>eandem</span> <span class='ocrx_word' id='word_1_377' title='bbox 1271 2382 1483 2414; x_wconf 91' lang='lat' dir='ltr'>rationem</span> <span class='ocrx_word' id='word_1_378' title='bbox 1523 2391 1583 2413; x_wconf 82' lang='lat' dir='ltr'>re-</span> 
     </span>
     <span class='ocr_line' id='line_1_77' title="bbox 943 2427 1583 2468; baseline 0 -10"><span class='ocrx_word' id='word_1_379' title='bbox 943 2432 1088 2468; x_wconf 81' lang='lat' dir='ltr'>petas,</span> <span class='ocrx_word' id='word_1_380' title='bbox 1127 2428 1249 2461; x_wconf 90' lang='lat' dir='ltr'>modo</span> <span class='ocrx_word' id='word_1_381' title='bbox 1287 2438 1337 2461; x_wconf 88' lang='lat' dir='ltr'>ue</span> <span class='ocrx_word' id='word_1_382' title='bbox 1375 2427 1417 2459; x_wconf 81' lang='lat' dir='ltr'>id</span> <span class='ocrx_word' id='word_1_383' title='bbox 1449 2432 1488 2459; x_wconf 78' lang='lat' dir='ltr'>te</span> <span class='ocrx_word' id='word_1_384' title='bbox 1527 2427 1583 2459; x_wconf 90' lang='lat' dir='ltr'>in-</span> 
     </span>
     <span class='ocr_line' id='line_1_78' title="bbox 944 2472 1584 2514; baseline 0.002 -11"><span class='ocrx_word' id='word_1_385' title='bbox 944 2473 1036 2505; x_wconf 79' lang='lat' dir='ltr'>vito</span> <span class='ocrx_word' id='word_1_386' title='bbox 1069 2474 1162 2505; x_wconf 84' lang='lat' dir='ltr'>fiat.</span> <span class='ocrx_word' id='word_1_387' title='bbox 1216 2473 1302 2506; x_wconf 83' lang='lat' dir='ltr'>Nam</span> <span class='ocrx_word' id='word_1_388' title='bbox 1337 2472 1428 2514; x_wconf 85' lang='lat' dir='ltr'>quod</span> <span class='ocrx_word' id='word_1_389' title='bbox 1465 2472 1584 2504; x_wconf 87' lang='lat' dir='ltr'>Som-</span> 
     </span>
     <span class='ocr_line' id='line_1_79' title="bbox 945 2518 1584 2552; baseline -0.003 -2"><span class='ocrx_word' id='word_1_390' title='bbox 945 2529 1090 2551; x_wconf 82' lang='lat' dir='ltr'>merus</span> <span class='ocrx_word' id='word_1_391' title='bbox 1111 2520 1142 2551; x_wconf 93' lang='lat' dir='ltr'>in</span> <span class='ocrx_word' id='word_1_392' title='bbox 1162 2518 1584 2552; x_wconf 79' lang='lat' dir='ltr'>ZimmermanniAn-</span> 
     </span>
     <span class='ocr_line' id='line_1_80' title="bbox 945 2563 1585 2606; baseline 0.008 -12"><span class='ocrx_word' id='word_1_393' title='bbox 945 2566 1010 2596; x_wconf 88' lang='lat' dir='ltr'>nal.</span> <span class='ocrx_word' id='word_1_394' title='bbox 1035 2565 1134 2597; x_wconf 87' lang='lat' dir='ltr'>stud.</span> <span class='ocrx_word' id='word_1_395' title='bbox 1163 2566 1326 2606; x_wconf 74' lang='lat' dir='ltr'>Antiquit.</span> <span class='ocrx_word' id='word_1_396' title='bbox 1358 2576 1376 2596; x_wconf 82' lang='lat' dir='ltr'>a</span> <span class='ocrx_word' id='word_1_397' title='bbox 1415 2563 1516 2598; x_wconf 82' lang='lat'>1842.</span> <span class='ocrx_word' id='word_1_398' title='bbox 1550 2574 1585 2605; x_wconf 83' lang='lat' dir='ltr'>p-</span> 
     </span>
     <span class='ocr_line' id='line_1_81' title="bbox 943 2607 1584 2653; baseline -0.005 -10"><span class='ocrx_word' id='word_1_399' title='bbox 943 2609 1020 2644; x_wconf 85' lang='lat'>547.</span> <span class='ocrx_word' id='word_1_400' title='bbox 1056 2611 1195 2653; x_wconf 83' lang='lat' dir='ltr'>intelligi</span> <span class='ocrx_word' id='word_1_401' title='bbox 1227 2613 1298 2643; x_wconf 84' lang='lat' dir='ltr'>vult</span> <span class='ocrx_word' id='word_1_402' title='bbox 1333 2607 1444 2641; x_wconf 84' lang='grc' dir='ltr'><em>δίκαια</em></span> <span class='ocrx_word' id='word_1_403' title='bbox 1480 2607 1584 2651; x_wconf 82' lang='grc' dir='ltr'><em>πράτ-</em></span> 
     </span>
     <span class='ocr_line' id='line_1_82' title="bbox 946 2656 1584 2698; baseline 0 -11"><span class='ocrx_word' id='word_1_404' title='bbox 946 2667 1028 2694; x_wconf 81' lang='grc' dir='ltr'><em>τειν,</em></span> <span class='ocrx_word' id='word_1_405' title='bbox 1065 2657 1098 2688; x_wconf 91' lang='lat' dir='ltr'>id</span> <span class='ocrx_word' id='word_1_406' title='bbox 1131 2657 1264 2698; x_wconf 84' lang='lat' dir='ltr'>longius</span> <span class='ocrx_word' id='word_1_407' title='bbox 1301 2660 1354 2688; x_wconf 81' lang='lat' dir='ltr'>est</span> <span class='ocrx_word' id='word_1_408' title='bbox 1386 2656 1584 2697; x_wconf 83' lang='lat' dir='ltr'>repetitum.</span> 
     </span>
     <span class='ocr_line' id='line_1_83' title="bbox 944 2701 1585 2744; baseline 0 -11"><span class='ocrx_word' id='word_1_409' title='bbox 944 2701 1015 2734; x_wconf 90' lang='lat' dir='ltr'>Sed</span> <span class='ocrx_word' id='word_1_410' title='bbox 1041 2702 1260 2744; x_wconf 80' lang='lat' dir='ltr'>quantumvis</span> <span class='ocrx_word' id='word_1_411' title='bbox 1285 2712 1324 2734; x_wconf 85' lang='lat' dir='ltr'>ea</span> <span class='ocrx_word' id='word_1_412' title='bbox 1348 2701 1585 2743; x_wconf 84' lang='lat' dir='ltr'>interpretatio</span> 
     </span>
     <span class='ocr_line' id='line_1_84' title="bbox 943 2746 1586 2791; baseline -0.002 -12"><span class='ocrx_word' id='word_1_413' title='bbox 943 2748 1205 2781; x_wconf 88' lang='lat' dir='ltr'>Buttmanno</span> <span class='ocrx_word' id='word_1_414' title='bbox 1250 2751 1284 2779; x_wconf 80' lang='lat' dir='ltr'>et</span> <span class='ocrx_word' id='word_1_415' title='bbox 1321 2746 1586 2791; x_wconf 76' lang='lat' dir='ltr'>Wernsdor-</span> 
     </span>
     <span class='ocr_line' id='line_1_85' title="bbox 943 2792 1585 2836; baseline -0.002 -11"><span class='ocrx_word' id='word_1_416' title='bbox 943 2793 970 2825; x_wconf 82' lang='lat' dir='ltr'>fi</span> <span class='ocrx_word' id='word_1_417' title='bbox 983 2804 1003 2826; x_wconf 92' lang='lat' dir='ltr'>o</span> <span class='ocrx_word' id='word_1_418' title='bbox 1019 2793 1198 2836; x_wconf 85' lang='lat' dir='ltr'>placuerit,</span> <span class='ocrx_word' id='word_1_419' title='bbox 1209 2798 1321 2826; x_wconf 79' lang='lat' dir='ltr'>tamen</span> <span class='ocrx_word' id='word_1_420' title='bbox 1337 2792 1417 2825; x_wconf 83' lang='lat' dir='ltr'>mihi</span> <span class='ocrx_word' id='word_1_421' title='bbox 1434 2793 1479 2825; x_wconf 86' lang='lat' dir='ltr'>ita</span> <span class='ocrx_word' id='word_1_422' title='bbox 1490 2802 1585 2825; x_wconf 90' lang='lat' dir='ltr'>com-</span> 
     </span>
    </p>
   </div>
  </div>
 </body>
</html>
