1644 3039
1303 190 1367 232 LI

17 326 168 370 porum
221 309 549 367 Megarensium
597 306 793 361 adeoque
851 315 940 348 tum
981 305 1110 347 etiam
1145 305 1188 346 in
1228 304 1368 346 lucem

18 368 238 426 publicam
271 367 465 409 emissos.
526 363 697 417 Quibus
729 363 943 419 evulgatis
974 362 1066 404 fieri
1088 360 1260 403 demum
1290 377 1369 416 po-

20 426 116 479 tuit,
138 431 188 466 ut
215 430 369 480 postea
398 424 489 480 ipse
508 422 552 462 in
573 420 798 476 Sophista,
822 419 1008 461 Politico
1033 426 1075 461 et
1094 418 1368 472 Parmenide,

18 483 147 530 vitiis,
168 488 348 537 argutae
379 488 423 522 et
453 479 671 535 captiosae
703 478 896 519 eristices
925 477 1101 529 notatis,
1123 474 1367 518 disserendi

17 539 226 581 rationem
257 538 496 579 Eleaticam
527 535 595 577 vel
623 535 770 589 potius
802 534 1072 589 Megaricam
1102 548 1282 586 eamque
1322 534 1366 574 in

17 596 170 638 melius
217 601 425 636 mutatam
471 591 791 649 prudenterque
840 599 1121 645 temperatam
1170 590 1224 630 ad
1265 604 1367 632 suas

18 653 298 708 quaestiones
336 650 584 692 traduceret
630 648 828 703 adeoque
860 649 973 688 viam
1010 648 1133 701 quasi
1164 647 1366 702 praeiret,

19 725 107 764 qua
143 710 216 750 illa
257 715 373 751 esset
408 707 555 748 utilius
595 705 817 747 utendum.
878 704 961 745 His
992 720 1094 745 vero
1125 704 1184 744 ita
1217 703 1369 746 diluci-

20 767 132 809 datis
170 772 325 822 postea
366 763 549 806 accessit
589 763 717 804 etiam
766 762 944 817 propius
990 760 1045 802 ad
1093 762 1369 815 quaestiones

17 824 147 880 longe
179 822 455 879 gravissimas
486 827 530 862 et
560 836 658 861 cum
689 820 866 860 aliarum
886 834 1029 859 rerum
1062 817 1370 872 disputationi-

18 881 100 923 bus
129 879 293 935 passim
324 878 604 920 artificiosius
644 876 872 932 perplexas
911 875 963 916 de
996 875 1203 917 scientiae
1233 875 1277 916 vi
1307 882 1371 916 at-

19 952 103 992 que
133 936 327 978 idearum
357 936 550 980 ratione,
582 949 711 989 quam
743 933 964 975 doctrinae
997 947 1100 973 suae
1130 940 1296 987 partem
1326 932 1372 974 in

19 994 357 1045 Theaeteto,
380 991 678 1048 Sophista,
701 990 948 1032 Politico
981 997 1021 1030 et
1044 989 1371 1031 Parmenide

18 1051 264 1107 explicavit.
326 1048 459 1103 Quod
501 1047 721 1102 quomodo
765 1047 937 1099 fecerit,
971 1045 1073 1087 alibi
1105 1045 1373 1101 disputatum

18 1114 121 1150 est..
154 1107 254 1149 Hoc
292 1107 389 1149 loco
428 1105 536 1147 illud
578 1111 747 1146 tantum
777 1103 1041 1146 monendum
1071 1110 1287 1157 putamus,
1319 1103 1372 1145 de

20 1180 107 1220 quo
156 1165 294 1207 fusius
332 1163 610 1220 exposuimus
661 1161 924 1203 Dia-tribe
976 1161 1028 1201 in
1068 1159 1372 1202 Politicum

19 1221 283 1263 Platonis
326 1221 448 1276 Lips.
482 1220 604 1261 1840.
647 1219 861 1261 sumtibus
898 1217 1108 1258 Fritschii
1151 1216 1292 1271 edita,
1329 1234 1371 1273 p.

26 1279 80 1320 :20
95 1279 316 1333 sqq—37.
345 1276 575 1318 Theaeteti
606 1282 649 1317 et
677 1275 942 1329 reliquorum
973 1273 1243 1330 dialogorum
1275 1290 1373 1316 cum

21 1350 72 1377 eo
101 1334 431 1376 coniunctorum
459 1333 738 1388 scriptionem
767 1331 962 1387 Megaris
991 1331 1163 1385 quidem
1196 1346 1373 1387 suscep-

19 1399 106 1434 tam
151 1406 229 1433 nec
269 1397 412 1432 tamen
449 1390 509 1432 ibi
548 1389 822 1445 profligatam
862 1403 978 1441 esse,
1020 1387 1373 1443 quandoquidem

19 1448 233 1490 Politicus
265 1454 308 1488 et
336 1446 618 1488 Parmenides
648 1445 719 1487 vel
746 1451 924 1501 propter
945 1445 1184 1500 sapientiae
1207 1445 1373 1501 Pytha-

22 1505 195 1562 goricae
223 1504 412 1560 vestigia
440 1504 485 1544 in
515 1504 568 1545 iis
599 1503 833 1556 conspicua
857 1501 948 1543 sine
971 1501 1104 1543 dubio
1127 1517 1177 1543 eo
1201 1500 1373 1543 demum

21 1570 213 1617 tempore
236 1561 423 1603 absoluti
443 1567 558 1614 sunt,
573 1575 661 1614 quo
682 1558 969 1615 philosophus
991 1559 1244 1600 familiarius
1275 1574 1374 1601 cum

21 1618 311 1675 Pythagoreis
350 1624 630 1660 conversatus
671 1622 774 1658 erat.
846 1615 936 1658 Sed
977 1615 1029 1657 de
1074 1615 1141 1657 his
1190 1616 1373 1670 aliisque

20 1675 233 1718 similibus
284 1675 481 1717 conferas
521 1674 756 1717 Diatriben
795 1680 985 1714 nostram
1025 1672 1052 1713 l.
1084 1688 1136 1726 c.,
1169 1673 1239 1715 cui
1286 1688 1374 1715 non

21 1732 290 1774 meminimus
334 1747 580 1787 quenquam
620 1730 702 1772 hac
740 1730 783 1771 in
814 1738 937 1784 parte
968 1730 1232 1785 refragatum
1263 1745 1374 1772 esse.

23 1790 117 1831 Iam
155 1794 257 1845 post
285 1788 365 1831 hos
406 1787 629 1844 dialogos,
660 1788 705 1828 in
743 1787 901 1840 quibus
933 1786 1132 1827 Platonis
1173 1786 1227 1827 de
1264 1786 1374 1828 ideis

21 1846 220 1888 doctrina
260 1855 441 1887 eatenus
483 1853 550 1886 est
587 1844 780 1900 perfecta
818 1843 956 1899 magis
987 1849 1031 1884 et
1061 1850 1370 1897 consummata,

22 1909 237 1956 quatenus
275 1901 400 1943 ideae
431 1901 778 1958 Megaricorum,
811 1899 978 1956 rigidae
1017 1899 1131 1953 illae,
1171 1899 1375 1941 immotae

21 1966 66 2000 et
94 1959 232 2000 omnis
263 1958 574 2000 communionis
604 1963 816 2014 expertes,
847 1972 944 1999 cum
974 1957 1189 1998 universis
1219 1957 1376 1999 mentis

21 2015 236 2057 humanae
266 2015 532 2069 notionibus,
560 2013 743 2058 Socrate
766 2013 876 2056 duce
897 2014 1145 2070 exploratis,
1170 2021 1376 2068 tanquam

21 2072 298 2115 consociatae
351 2087 489 2127 eaque
537 2072 707 2113 ratione
754 2071 879 2113 vivae
919 2077 1190 2127 vegetaeque
1232 2071 1374 2112 iactae

23 2135 151 2183 sunt,
190 2129 252 2170 ita
289 2135 339 2171 ut
377 2144 465 2171 non
502 2128 633 2171 modo
673 2143 842 2169 omnem
880 2128 1106 2170 seientiam
1145 2133 1189 2169 et
1227 2128 1376 2183 cogni-

20 2186 183 2228 tionem
210 2186 408 2228 veritatis
453 2185 654 2239 efficere,
704 2184 780 2227 sed
819 2185 948 2226 etiam
987 2185 1126 2226 omnis
1164 2184 1376 2226 essentiae

21 2243 109 2284 vim
146 2257 432 2298 caussamque
462 2243 686 2284 continere
727 2240 1037 2284 existimandae
1080 2250 1225 2283 essent
1236 2257 1246 2290 ;
1277 2248 1377 2296 post

21 2298 120 2352 hos,
149 2299 346 2353 inquam,
377 2299 527 2354 libros,
569 2300 643 2355 qui
674 2309 775 2341 sunt
814 2298 867 2340 de
897 2298 1104 2341 scientiae
1134 2298 1375 2341 rationibus

26 2362 156 2410 atque
174 2355 300 2408 ideis,
320 2357 513 2412 proxime
543 2356 749 2412 deinceps
778 2356 823 2396 in
851 2355 992 2397 lucem
1014 2354 1177 2410 prodiit
1205 2354 1376 2396 Phae-

24 2411 178 2466 drus,
209 2413 396 2468 scriptus
426 2412 514 2466 ille,
548 2429 636 2468 quo
673 2420 871 2467 tempore
904 2412 1030 2453 Plato
1070 2427 1123 2453 ex
1162 2410 1376 2454 diuturnis

27 2468 254 2511 itineribus
291 2470 336 2510 in
374 2470 558 2525 patriam
596 2469 733 2512 redux
780 2470 920 2511 faetus
970 2467 1292 2523 philosophiam
1329 2469 1376 2510 in

23 2525 264 2568 Academia
294 2525 452 2568 docere
484 2528 782 2579 constituerat,
807 2538 850 2568 et
870 2525 1017 2580 paullo
1040 2533 1138 2581 post
1169 2531 1376 2580 tanquam

23 2583 312 2638 supplementi
343 2582 568 2625 cuiusdam
596 2583 694 2625 loco
718 2584 1089 2631 Menexenus3
1119 2581 1376 2637 prodierunt

25 2639 129 2681 item
160 2638 514 2697 Symposium
543 2649 586 2681 et
615 2639 850 2682 Phaedo.
912 2638 963 2679 In
1005 2638 1162 2692 quibus
1200 2638 1376 2693 quidem

25 2694 171 2750 libris,
212 2696 341 2738 sicuti
383 2697 467 2738 iam
515 2703 643 2738 antea
697 2695 1063 2754 significavimus,
1119 2709 1252 2749 quum
1290 2695 1376 2738 alia

28 2750 332 2808 disputantur,
380 2760 473 2795 tum
523 2753 731 2809 imprimis
779 2753 907 2794 etiam
960 2750 1067 2793 illud
1117 2752 1284 2809 agitur,
1325 2759 1376 2795 ut

1009 2830 1102 2871 D.
