<?xml version="1.0" encoding="UTF-8"?>
<!DOCTYPE html PUBLIC "-//W3C//DTD XHTML 1.0 Transitional//EN"
    "http://www.w3.org/TR/xhtml1/DTD/xhtml1-transitional.dtd">
<html xmlns="http://www.w3.org/1999/xhtml" xml:lang="en" lang="en">
 <head>
  <title>
</title>
<meta http-equiv="Content-Type" content="text/html;charset=utf-8" />
  <meta name='ocr-system' content='tesseract 3.04.00' />
  <meta name='ocr-capabilities' content='ocr_page ocr_carea ocr_par ocr_line ocrx_word'/>
</head>
<body>
  <div class='ocr_page' id='page_1' title='image "./n1operaomniarecens01platuoft/n1operaomniarecens01platuoft_0020.png"; bbox 0 0 1644 3039; ppageno 0'>
   <div class='ocr_carea' id='block_1_1' title="bbox 183 154 294 195">
    <p class='ocr_par' dir='ltr' id='par_1_1' title="bbox 183 154 294 195">
     <span class='ocr_line' id='line_1_1' title="bbox 183 154 294 195; baseline -0.018 0"><span class='ocrx_word' id='word_1_1' title='bbox 183 154 294 195; x_wconf 71' lang='lat' dir='ltr'>XIV</span> 
     </span>
    </p>
   </div>
   <div class='ocr_carea' id='block_1_2' title="bbox 160 266 1538 2758">
    <p class='ocr_par' dir='ltr' id='par_1_2' title="bbox 160 266 1538 2758">
     <span class='ocr_line' id='line_1_2' title="bbox 181 266 1524 321; baseline 0.002 -14"><span class='ocrx_word' id='word_1_2' title='bbox 181 267 236 307; x_wconf 88' lang='lat' dir='ltr'>ad</span> <span class='ocrx_word' id='word_1_3' title='bbox 278 267 379 308; x_wconf 88' lang='lat' dir='ltr'>boni</span> <span class='ocrx_word' id='word_1_4' title='bbox 416 266 675 319; x_wconf 77' lang='lat' dir='ltr'>honestique</span> <span class='ocrx_word' id='word_1_5' title='bbox 715 279 909 319; x_wconf 86' lang='lat' dir='ltr'>sensum,</span> <span class='ocrx_word' id='word_1_6' title='bbox 961 281 1087 321; x_wconf 88' lang='lat' dir='ltr'>quem</span> <span class='ocrx_word' id='word_1_7' title='bbox 1135 266 1331 308; x_wconf 89' lang='lat' dir='ltr'>omnibus</span> <span class='ocrx_word' id='word_1_8' title='bbox 1370 275 1524 310; x_wconf 88' lang='lat' dir='ltr'>natura</span> 
     </span>
     <span class='ocr_line' id='line_1_3' title="bbox 180 322 1523 377; baseline 0.001 -13"><span class='ocrx_word' id='word_1_9' title='bbox 180 324 320 364; x_wconf 87' lang='lat' dir='ltr'>inesse</span> <span class='ocrx_word' id='word_1_10' title='bbox 372 323 684 374; x_wconf 68' lang='lat' dir='ltr'>arbitrabatur,</span> <span class='ocrx_word' id='word_1_11' title='bbox 731 322 877 363; x_wconf 89' lang='lat' dir='ltr'>retulit</span> <span class='ocrx_word' id='word_1_12' title='bbox 916 328 1122 377; x_wconf 77' lang='lat' dir='ltr'>tanquam</span> <span class='ocrx_word' id='word_1_13' title='bbox 1162 323 1217 364; x_wconf 87' lang='lat' dir='ltr'>ad</span> <span class='ocrx_word' id='word_1_14' title='bbox 1253 323 1523 365; x_wconf 83' lang='lat' dir='ltr'>verissimum</span> 
     </span>
     <span class='ocr_line' id='line_1_4' title="bbox 182 377 1521 436; baseline 0.001 -15"><span class='ocrx_word' id='word_1_15' title='bbox 182 380 551 432; x_wconf 81' lang='lat' dir='ltr'>certissimumque</span> <span class='ocrx_word' id='word_1_16' title='bbox 590 377 787 422; x_wconf 85' lang='lat' dir='ltr'>iudicem.</span> <span class='ocrx_word' id='word_1_17' title='bbox 859 379 950 420; x_wconf 87' lang='lat' dir='ltr'>Iam</span> <span class='ocrx_word' id='word_1_18' title='bbox 992 395 1121 434; x_wconf 88' lang='lat' dir='ltr'>quum</span> <span class='ocrx_word' id='word_1_19' title='bbox 1165 379 1393 436; x_wconf 79' lang='lat' dir='ltr'>disciplina</span> <span class='ocrx_word' id='word_1_20' title='bbox 1431 381 1521 423; x_wconf 90' lang='lat' dir='ltr'>eius</span> 
     </span>
     <span class='ocr_line' id='line_1_5' title="bbox 182 434 1520 493; baseline 0.001 -16"><span class='ocrx_word' id='word_1_21' title='bbox 182 435 248 477; x_wconf 87' lang='lat' dir='ltr'>vel</span> <span class='ocrx_word' id='word_1_22' title='bbox 271 437 498 477; x_wconf 76' lang='lat' dir='ltr'>referretur</span> <span class='ocrx_word' id='word_1_23' title='bbox 519 434 572 475; x_wconf 86' lang='lat' dir='ltr'>ad</span> <span class='ocrx_word' id='word_1_24' title='bbox 596 434 852 477; x_wconf 86' lang='lat' dir='ltr'>refellendos</span> <span class='ocrx_word' id='word_1_25' title='bbox 873 436 1107 491; x_wconf 73' lang='lat' dir='ltr'>sophistas,</span> <span class='ocrx_word' id='word_1_26' title='bbox 1130 437 1197 477; x_wconf 90' lang='lat' dir='ltr'>vel</span> <span class='ocrx_word' id='word_1_27' title='bbox 1218 442 1434 493; x_wconf 75' lang='lat' dir='ltr'>spectaret</span> <span class='ocrx_word' id='word_1_28' title='bbox 1454 453 1520 492; x_wconf 83' lang='lat' dir='ltr'>eo,</span> 
     </span>
     <span class='ocr_line' id='line_1_6' title="bbox 180 492 1521 548; baseline 0.001 -14"><span class='ocrx_word' id='word_1_29' title='bbox 180 500 227 534; x_wconf 91' lang='lat' dir='ltr'>ut</span> <span class='ocrx_word' id='word_1_30' title='bbox 266 493 509 548; x_wconf 73' lang='lat' dir='ltr'>aequalium</span> <span class='ocrx_word' id='word_1_31' title='bbox 551 492 679 533; x_wconf 89' lang='lat' dir='ltr'>animi</span> <span class='ocrx_word' id='word_1_32' title='bbox 718 508 842 533; x_wconf 85' lang='lat' dir='ltr'>verae</span> <span class='ocrx_word' id='word_1_33' title='bbox 881 493 1116 548; x_wconf 72' lang='lat' dir='ltr'>sapientiae</span> <span class='ocrx_word' id='word_1_34' title='bbox 1159 499 1201 534; x_wconf 87' lang='lat' dir='ltr'>et</span> <span class='ocrx_word' id='word_1_35' title='bbox 1237 493 1409 535; x_wconf 86' lang='lat' dir='ltr'>virtutis</span> <span class='ocrx_word' id='word_1_36' title='bbox 1450 510 1521 536; x_wconf 90' lang='lat' dir='ltr'>co-</span> 
     </span>
     <span class='ocr_line' id='line_1_7' title="bbox 180 548 1521 604; baseline 0.001 -13"><span class='ocrx_word' id='word_1_37' title='bbox 180 551 375 604; x_wconf 65' lang='lat' dir='ltr'>gnitione</span> <span class='ocrx_word' id='word_1_38' title='bbox 397 549 704 602; x_wconf 67' lang='lat' dir='ltr'>imbuerentur,</span> <span class='ocrx_word' id='word_1_39' title='bbox 737 549 781 589; x_wconf 88' lang='lat' dir='ltr'>in</span> <span class='ocrx_word' id='word_1_40' title='bbox 803 548 1064 604; x_wconf 87' lang='lat' dir='ltr'>disputando</span> <span class='ocrx_word' id='word_1_41' title='bbox 1087 566 1183 591; x_wconf 89' lang='lat' dir='ltr'>cum</span> <span class='ocrx_word' id='word_1_42' title='bbox 1203 549 1341 591; x_wconf 86' lang='lat' dir='ltr'>ironia</span> <span class='ocrx_word' id='word_1_43' title='bbox 1370 551 1521 592; x_wconf 83' lang='lat' dir='ltr'>uteba-</span> 
     </span>
     <span class='ocr_line' id='line_1_8' title="bbox 178 605 1522 661; baseline 0 -13"><span class='ocrx_word' id='word_1_44' title='bbox 178 614 269 659; x_wconf 83' lang='lat' dir='ltr'>tur,</span> <span class='ocrx_word' id='word_1_45' title='bbox 315 606 474 661; x_wconf 81' lang='lat' dir='ltr'>quippe</span> <span class='ocrx_word' id='word_1_46' title='bbox 517 621 627 660; x_wconf 87' lang='lat' dir='ltr'>quae</span> <span class='ocrx_word' id='word_1_47' title='bbox 667 606 896 660; x_wconf 83' lang='lat' dir='ltr'>plurimum</span> <span class='ocrx_word' id='word_1_48' title='bbox 933 606 1187 647; x_wconf 16' lang='lat' dir='ltr'>valeretlad</span> <span class='ocrx_word' id='word_1_49' title='bbox 1216 605 1418 648; x_wconf 85' lang='lat' dir='ltr'>ridendas</span> <span class='ocrx_word' id='word_1_50' title='bbox 1452 621 1522 648; x_wconf 83' lang='lat' dir='ltr'>so-</span> 
     </span>
     <span class='ocr_line' id='line_1_9' title="bbox 177 662 1522 719; baseline 0 -14"><span class='ocrx_word' id='word_1_51' title='bbox 177 664 416 719; x_wconf 80' lang='lat' dir='ltr'>phistarum</span> <span class='ocrx_word' id='word_1_52' title='bbox 447 662 740 703; x_wconf 72' lang='lat' dir='ltr'>fraudulentas</span> <span class='ocrx_word' id='word_1_53' title='bbox 772 669 906 715; x_wconf 87' lang='lat' dir='ltr'>artes,</span> <span class='ocrx_word' id='word_1_54' title='bbox 952 669 1044 704; x_wconf 89' lang='lat' dir='ltr'>tum</span> <span class='ocrx_word' id='word_1_55' title='bbox 1085 663 1376 705; x_wconf 87' lang='lat' dir='ltr'>obstetriciam</span> <span class='ocrx_word' id='word_1_56' title='bbox 1406 663 1522 705; x_wconf 89' lang='lat' dir='ltr'>illam</span> 
     </span>
     <span class='ocr_line' id='line_1_10' title="bbox 177 719 1522 775; baseline -0.001 -14"><span class='ocrx_word' id='word_1_57' title='bbox 177 727 312 761; x_wconf 86' lang='lat' dir='ltr'>artem</span> <span class='ocrx_word' id='word_1_58' title='bbox 342 719 590 772; x_wconf 73' lang='lat' dir='ltr'>adhibebat,</span> <span class='ocrx_word' id='word_1_59' title='bbox 622 719 742 760; x_wconf 83' lang='lat' dir='ltr'>cuius</span> <span class='ocrx_word' id='word_1_60' title='bbox 774 735 869 774; x_wconf 85' lang='lat' dir='ltr'>ope,</span> <span class='ocrx_word' id='word_1_61' title='bbox 904 735 1005 760; x_wconf 89' lang='lat' dir='ltr'>suae</span> <span class='ocrx_word' id='word_1_62' title='bbox 1043 720 1136 774; x_wconf 90' lang='lat' dir='ltr'>ipse</span> <span class='ocrx_word' id='word_1_63' title='bbox 1166 719 1403 775; x_wconf 83' lang='lat' dir='ltr'>sapientiae</span> <span class='ocrx_word' id='word_1_64' title='bbox 1435 719 1522 762; x_wconf 86' lang='lat' dir='ltr'>dis-</span> 
     </span>
     <span class='ocr_line' id='line_1_11' title="bbox 177 776 1521 832; baseline 0 -14"><span class='ocrx_word' id='word_1_65' title='bbox 177 776 400 819; x_wconf 83' lang='lat' dir='ltr'>simulator</span> <span class='ocrx_word' id='word_1_66' title='bbox 429 776 815 832; x_wconf 83' lang='lat' dir='ltr'>prudentissimus,</span> <span class='ocrx_word' id='word_1_67' title='bbox 862 792 913 817; x_wconf 74' lang='lat' dir='ltr'>ex</span> <span class='ocrx_word' id='word_1_68' title='bbox 945 777 1096 818; x_wconf 87' lang='lat' dir='ltr'>animis</span> <span class='ocrx_word' id='word_1_69' title='bbox 1129 792 1299 831; x_wconf 89' lang='lat' dir='ltr'>eorum,</span> <span class='ocrx_word' id='word_1_70' title='bbox 1343 777 1521 831; x_wconf 83' lang='lat' dir='ltr'>quibus-</span> 
     </span>
     <span class='ocr_line' id='line_1_12' title="bbox 177 832 1520 887; baseline 0 -12"><span class='ocrx_word' id='word_1_71' title='bbox 177 850 275 875; x_wconf 87' lang='lat' dir='ltr'>cum</span> <span class='ocrx_word' id='word_1_72' title='bbox 307 833 569 886; x_wconf 75' lang='lat' dir='ltr'>disserebat,</span> <span class='ocrx_word' id='word_1_73' title='bbox 602 833 815 886; x_wconf 84' lang='lat' dir='ltr'>notiones,</span> <span class='ocrx_word' id='word_1_74' title='bbox 850 848 958 887; x_wconf 88' lang='lat' dir='ltr'>quae</span> <span class='ocrx_word' id='word_1_75' title='bbox 989 839 1117 874; x_wconf 88' lang='lat' dir='ltr'>antea</span> <span class='ocrx_word' id='word_1_76' title='bbox 1148 833 1271 887; x_wconf 87' lang='lat' dir='ltr'>quasi</span> <span class='ocrx_word' id='word_1_77' title='bbox 1300 832 1520 875; x_wconf 85' lang='lat' dir='ltr'>involutae</span> 
     </span>
     <span class='ocr_line' id='line_1_13' title="bbox 177 889 1521 944; baseline -0.001 -13"><span class='ocrx_word' id='word_1_78' title='bbox 177 891 433 943; x_wconf 85' lang='lat' dir='ltr'>iacuissent,</span> <span class='ocrx_word' id='word_1_79' title='bbox 473 890 534 930; x_wconf 86' lang='lat' dir='ltr'>ita</span> <span class='ocrx_word' id='word_1_80' title='bbox 565 890 784 942; x_wconf 84' lang='lat' dir='ltr'>eliciebat,</span> <span class='ocrx_word' id='word_1_81' title='bbox 827 896 875 929; x_wconf 91' lang='lat' dir='ltr'>ut</span> <span class='ocrx_word' id='word_1_82' title='bbox 921 905 1029 944; x_wconf 85' lang='lat' dir='ltr'>quae</span> <span class='ocrx_word' id='word_1_83' title='bbox 1059 890 1120 930; x_wconf 88' lang='lat' dir='ltr'>illi</span> <span class='ocrx_word' id='word_1_84' title='bbox 1164 890 1392 943; x_wconf 79' lang='lat' dir='ltr'>dicebant,</span> <span class='ocrx_word' id='word_1_85' title='bbox 1435 889 1521 944; x_wconf 90' lang='lat' dir='ltr'>ipsi</span> 
     </span>
     <span class='ocr_line' id='line_1_14' title="bbox 176 945 1519 1002; baseline -0.001 -14"><span class='ocrx_word' id='word_1_86' title='bbox 176 947 414 1002; x_wconf 84' lang='lat' dir='ltr'>reperisse,</span> <span class='ocrx_word' id='word_1_87' title='bbox 460 962 547 987; x_wconf 89' lang='lat' dir='ltr'>non</span> <span class='ocrx_word' id='word_1_88' title='bbox 578 961 602 987; x_wconf 87' lang='lat' dir='ltr'>a</span> <span class='ocrx_word' id='word_1_89' title='bbox 633 945 810 988; x_wconf 79' lang='lat' dir='ltr'>Socrate</span> <span class='ocrx_word' id='word_1_90' title='bbox 841 945 1046 988; x_wconf 86' lang='lat' dir='ltr'>didicisse</span> <span class='ocrx_word' id='word_1_91' title='bbox 1079 946 1338 988; x_wconf 84' lang='lat' dir='ltr'>viderentur.</span> <span class='ocrx_word' id='word_1_92' title='bbox 1400 946 1519 987; x_wconf 79' lang='lat' dir='ltr'>Effe-</span> 
     </span>
     <span class='ocr_line' id='line_1_15' title="bbox 177 1003 1521 1058; baseline -0.001 -13"><span class='ocrx_word' id='word_1_93' title='bbox 177 1005 235 1045; x_wconf 88' lang='lat' dir='ltr'>cit</span> <span class='ocrx_word' id='word_1_94' title='bbox 266 1010 405 1044; x_wconf 87' lang='lat' dir='ltr'>autem</span> <span class='ocrx_word' id='word_1_95' title='bbox 436 1009 478 1044; x_wconf 89' lang='lat' dir='ltr'>et</span> <span class='ocrx_word' id='word_1_96' title='bbox 510 1009 838 1057; x_wconf 84' lang='lat' dir='ltr'>praeceptorum</span> <span class='ocrx_word' id='word_1_97' title='bbox 878 1003 1035 1045; x_wconf 85' lang='lat' dir='ltr'>veritas</span> <span class='ocrx_word' id='word_1_98' title='bbox 1067 1018 1115 1045; x_wconf 88' lang='lat' dir='ltr'>ac</span> <span class='ocrx_word' id='word_1_99' title='bbox 1148 1003 1436 1058; x_wconf 72' lang='lat' dir='ltr'>praestantia,</span> <span class='ocrx_word' id='word_1_100' title='bbox 1478 1009 1521 1045; x_wconf 90' lang='lat' dir='ltr'>et</span> 
     </span>
     <span class='ocr_line' id='line_1_16' title="bbox 175 1058 1521 1114; baseline 0 -12"><span class='ocrx_word' id='word_1_101' title='bbox 175 1059 415 1102; x_wconf 89' lang='lat' dir='ltr'>disserendi</span> <span class='ocrx_word' id='word_1_102' title='bbox 447 1060 557 1100; x_wconf 88' lang='lat' dir='ltr'>ratio</span> <span class='ocrx_word' id='word_1_103' title='bbox 588 1075 765 1114; x_wconf 89' lang='lat' dir='ltr'>prorsus</span> <span class='ocrx_word' id='word_1_104' title='bbox 796 1058 1082 1113; x_wconf 84' lang='lat' dir='ltr'>admirabilis,</span> <span class='ocrx_word' id='word_1_105' title='bbox 1115 1067 1163 1101; x_wconf 84' lang='lat' dir='ltr'>ut</span> <span class='ocrx_word' id='word_1_106' title='bbox 1193 1061 1285 1102; x_wconf 87' lang='lat' dir='ltr'>eius</span> <span class='ocrx_word' id='word_1_107' title='bbox 1313 1059 1466 1102; x_wconf 89' lang='lat' dir='ltr'>laudes</span> <span class='ocrx_word' id='word_1_108' title='bbox 1496 1076 1521 1102; x_wconf 89' lang='lat' dir='ltr'>a</span> 
     </span>
     <span class='ocr_line' id='line_1_17' title="bbox 174 1116 1519 1172; baseline -0.001 -13"><span class='ocrx_word' id='word_1_109' title='bbox 174 1118 340 1159; x_wconf 83' lang='lat' dir='ltr'>civibus</span> <span class='ocrx_word' id='word_1_110' title='bbox 380 1117 467 1158; x_wconf 86' lang='lat' dir='ltr'>suis</span> <span class='ocrx_word' id='word_1_111' title='bbox 506 1117 682 1157; x_wconf 88' lang='lat' dir='ltr'>mirifice</span> <span class='ocrx_word' id='word_1_112' title='bbox 721 1116 1039 1158; x_wconf 83' lang='lat' dir='ltr'>celebrarentur</span> <span class='ocrx_word' id='word_1_113' title='bbox 1080 1117 1305 1172; x_wconf 83' lang='lat' dir='ltr'>ipsiusque</span> <span class='ocrx_word' id='word_1_114' title='bbox 1336 1131 1519 1158; x_wconf 86' lang='lat' dir='ltr'>consue-</span> 
     </span>
     <span class='ocr_line' id='line_1_18' title="bbox 174 1172 1518 1228; baseline -0.001 -13"><span class='ocrx_word' id='word_1_115' title='bbox 174 1174 280 1215; x_wconf 83' lang='lat' dir='ltr'>tudo</span> <span class='ocrx_word' id='word_1_116' title='bbox 330 1174 382 1214; x_wconf 88' lang='lat' dir='ltr'>ab</span> <span class='ocrx_word' id='word_1_117' title='bbox 435 1173 784 1214; x_wconf 83' lang='lat' dir='ltr'>adolescentibus</span> <span class='ocrx_word' id='word_1_118' title='bbox 839 1174 1074 1227; x_wconf 84' lang='lat' dir='ltr'>sapientiae</span> <span class='ocrx_word' id='word_1_119' title='bbox 1113 1173 1319 1215; x_wconf 86' lang='lat' dir='ltr'>studiosis</span> <span class='ocrx_word' id='word_1_120' title='bbox 1361 1172 1518 1228; x_wconf 89' lang='lat' dir='ltr'>cupide</span> 
     </span>
     <span class='ocr_line' id='line_1_19' title="bbox 174 1228 1519 1287; baseline -0.001 -15"><span class='ocrx_word' id='word_1_121' title='bbox 174 1236 461 1287; x_wconf 84' lang='lat' dir='ltr'>appeteretur.</span> <span class='ocrx_word' id='word_1_122' title='bbox 530 1229 588 1270; x_wconf 74' lang='lat' dir='ltr'>Et</span> <span class='ocrx_word' id='word_1_123' title='bbox 628 1228 986 1284; x_wconf 85' lang='lat' dir='ltr'>quemadmodum</span> <span class='ocrx_word' id='word_1_124' title='bbox 1026 1231 1092 1271; x_wconf 89' lang='lat' dir='ltr'>vis</span> <span class='ocrx_word' id='word_1_125' title='bbox 1134 1230 1346 1281; x_wconf 82' lang='lat' dir='ltr'>veritatis,</span> <span class='ocrx_word' id='word_1_126' title='bbox 1396 1229 1519 1271; x_wconf 89' lang='lat' dir='ltr'>cuius</span> 
     </span>
     <span class='ocr_line' id='line_1_20' title="bbox 173 1286 1519 1341; baseline -0.001 -12"><span class='ocrx_word' id='word_1_127' title='bbox 173 1288 253 1329; x_wconf 88' lang='lat' dir='ltr'>fuit</span> <span class='ocrx_word' id='word_1_128' title='bbox 291 1287 634 1340; x_wconf 87' lang='lat' dir='ltr'>amantissimus,</span> <span class='ocrx_word' id='word_1_129' title='bbox 676 1286 856 1327; x_wconf 88' lang='lat' dir='ltr'>multum</span> <span class='ocrx_word' id='word_1_130' title='bbox 896 1286 1033 1327; x_wconf 85' lang='lat' dir='ltr'>valuit</span> <span class='ocrx_word' id='word_1_131' title='bbox 1067 1286 1121 1327; x_wconf 91' lang='lat' dir='ltr'>ad</span> <span class='ocrx_word' id='word_1_132' title='bbox 1153 1286 1396 1341; x_wconf 85' lang='lat' dir='ltr'>aequalium</span> <span class='ocrx_word' id='word_1_133' title='bbox 1425 1292 1519 1327; x_wconf 88' lang='lat' dir='ltr'>stu-</span> 
     </span>
     <span class='ocr_line' id='line_1_21' title="bbox 174 1342 1519 1396; baseline -0.001 -11"><span class='ocrx_word' id='word_1_134' title='bbox 174 1345 244 1385; x_wconf 87' lang='lat' dir='ltr'>dia</span> <span class='ocrx_word' id='word_1_135' title='bbox 274 1343 502 1385; x_wconf 82' lang='lat' dir='ltr'>excitanda</span> <span class='ocrx_word' id='word_1_136' title='bbox 533 1350 576 1384; x_wconf 90' lang='lat' dir='ltr'>et</span> <span class='ocrx_word' id='word_1_137' title='bbox 603 1342 937 1396; x_wconf 85' lang='lat' dir='ltr'>commovenda,</span> <span class='ocrx_word' id='word_1_138' title='bbox 977 1344 1037 1383; x_wconf 86' lang='lat' dir='ltr'>ita</span> <span class='ocrx_word' id='word_1_139' title='bbox 1066 1343 1195 1384; x_wconf 88' lang='lat' dir='ltr'>etiam</span> <span class='ocrx_word' id='word_1_140' title='bbox 1226 1343 1409 1384; x_wconf 77' lang='lat' dir='ltr'>maxima</span> <span class='ocrx_word' id='word_1_141' title='bbox 1438 1343 1519 1384; x_wconf 84' lang='lat' dir='ltr'>fuit</span> 
     </span>
     <span class='ocr_line' id='line_1_22' title="bbox 172 1399 1515 1454; baseline -0.001 -12"><span class='ocrx_word' id='word_1_142' title='bbox 172 1400 368 1453; x_wconf 86' lang='lat' dir='ltr'>virtutis,</span> <span class='ocrx_word' id='word_1_143' title='bbox 413 1400 535 1441; x_wconf 90' lang='lat' dir='ltr'>cuius</span> <span class='ocrx_word' id='word_1_144' title='bbox 575 1400 699 1454; x_wconf 83' lang='lat' dir='ltr'>quasi</span> <span class='ocrx_word' id='word_1_145' title='bbox 738 1399 957 1454; x_wconf 77' lang='lat' dir='ltr'>exemplar</span> <span class='ocrx_word' id='word_1_146' title='bbox 995 1399 1213 1453; x_wconf 86' lang='lat' dir='ltr'>quoddam</span> <span class='ocrx_word' id='word_1_147' title='bbox 1252 1399 1296 1440; x_wconf 91' lang='lat' dir='ltr'>in</span> <span class='ocrx_word' id='word_1_148' title='bbox 1347 1414 1397 1440; x_wconf 89' lang='lat' dir='ltr'>eo</span> <span class='ocrx_word' id='word_1_149' title='bbox 1442 1414 1515 1440; x_wconf 80' lang='lat' dir='ltr'>ex-</span> 
     </span>
     <span class='ocr_line' id='line_1_23' title="bbox 171 1455 1515 1513; baseline 0 -15"><span class='ocrx_word' id='word_1_150' title='bbox 171 1472 369 1513; x_wconf 89' lang='lat' dir='ltr'>pressum</span> <span class='ocrx_word' id='word_1_151' title='bbox 414 1457 691 1510; x_wconf 80' lang='lat' dir='ltr'>cernebatur,</span> <span class='ocrx_word' id='word_1_152' title='bbox 745 1455 939 1497; x_wconf 77' lang='lat' dir='ltr'>efficacia</span> <span class='ocrx_word' id='word_1_153' title='bbox 979 1455 1033 1496; x_wconf 88' lang='lat' dir='ltr'>ad</span> <span class='ocrx_word' id='word_1_154' title='bbox 1074 1456 1291 1497; x_wconf 87' lang='lat' dir='ltr'>hominum</span> <span class='ocrx_word' id='word_1_155' title='bbox 1336 1456 1515 1498; x_wconf 85' lang='lat' dir='ltr'>animos.</span> 
     </span>
     <span class='ocr_line' id='line_1_24' title="bbox 172 1513 1516 1568; baseline -0.001 -13"><span class='ocrx_word' id='word_1_156' title='bbox 172 1515 287 1556; x_wconf 88' lang='lat' dir='ltr'>Nam</span> <span class='ocrx_word' id='word_1_157' title='bbox 318 1529 369 1555; x_wconf 87' lang='lat' dir='ltr'>ea</span> <span class='ocrx_word' id='word_1_158' title='bbox 399 1519 490 1554; x_wconf 88' lang='lat' dir='ltr'>erat</span> <span class='ocrx_word' id='word_1_159' title='bbox 519 1514 598 1555; x_wconf 80' lang='lat' dir='ltr'>viri</span> <span class='ocrx_word' id='word_1_160' title='bbox 629 1513 845 1568; x_wconf 72' lang='lat' dir='ltr'>probitas,</span> <span class='ocrx_word' id='word_1_161' title='bbox 890 1528 941 1554; x_wconf 87' lang='lat' dir='ltr'>ea</span> <span class='ocrx_word' id='word_1_162' title='bbox 972 1513 1242 1566; x_wconf 87' lang='lat' dir='ltr'>innocentia,</span> <span class='ocrx_word' id='word_1_163' title='bbox 1277 1527 1327 1553; x_wconf 90' lang='lat' dir='ltr'>ea</span> <span class='ocrx_word' id='word_1_164' title='bbox 1358 1513 1516 1554; x_wconf 83' lang='lat' dir='ltr'>sancti-</span> 
     </span>
     <span class='ocr_line' id='line_1_25' title="bbox 170 1568 1517 1625; baseline -0.001 -13"><span class='ocrx_word' id='word_1_165' title='bbox 170 1578 261 1624; x_wconf 81' lang='lat' dir='ltr'>tas,</span> <span class='ocrx_word' id='word_1_166' title='bbox 294 1577 342 1611; x_wconf 87' lang='lat' dir='ltr'>ut</span> <span class='ocrx_word' id='word_1_167' title='bbox 372 1571 598 1624; x_wconf 86' lang='lat' dir='ltr'>omnibus,</span> <span class='ocrx_word' id='word_1_168' title='bbox 632 1585 813 1624; x_wconf 87' lang='lat' dir='ltr'>quorum</span> <span class='ocrx_word' id='word_1_169' title='bbox 844 1569 973 1610; x_wconf 89' lang='lat' dir='ltr'>animi</span> <span class='ocrx_word' id='word_1_170' title='bbox 1004 1585 1091 1610; x_wconf 87' lang='lat' dir='ltr'>non</span> <span class='ocrx_word' id='word_1_171' title='bbox 1123 1574 1269 1611; x_wconf 90' lang='lat' dir='ltr'>essent</span> <span class='ocrx_word' id='word_1_172' title='bbox 1298 1568 1517 1625; x_wconf 86' lang='lat' dir='ltr'>praeiudi-</span> 
     </span>
     <span class='ocr_line' id='line_1_26' title="bbox 170 1624 1516 1683; baseline -0.001 -14"><span class='ocrx_word' id='word_1_173' title='bbox 170 1628 277 1669; x_wconf 84' lang='lat' dir='ltr'>catis</span> <span class='ocrx_word' id='word_1_174' title='bbox 309 1627 585 1683; x_wconf 85' lang='lat' dir='ltr'>opinionibus</span> <span class='ocrx_word' id='word_1_175' title='bbox 617 1626 839 1682; x_wconf 83' lang='lat' dir='ltr'>occupati,</span> <span class='ocrx_word' id='word_1_176' title='bbox 882 1626 1115 1667; x_wconf 83' lang='lat' dir='ltr'>clarissime</span> <span class='ocrx_word' id='word_1_177' title='bbox 1147 1641 1355 1682; x_wconf 88' lang='lat' dir='ltr'>apparere</span> <span class='ocrx_word' id='word_1_178' title='bbox 1385 1624 1516 1668; x_wconf 83' lang='lat' dir='ltr'>debe-</span> 
     </span>
     <span class='ocr_line' id='line_1_27' title="bbox 169 1683 1514 1738; baseline -0.001 -12"><span class='ocrx_word' id='word_1_179' title='bbox 169 1691 258 1738; x_wconf 80' lang='lat' dir='ltr'>ret,</span> <span class='ocrx_word' id='word_1_180' title='bbox 309 1690 516 1738; x_wconf 87' lang='lat' dir='ltr'>quantum</span> <span class='ocrx_word' id='word_1_181' title='bbox 556 1684 646 1725; x_wconf 91' lang='lat' dir='ltr'>eius</span> <span class='ocrx_word' id='word_1_182' title='bbox 684 1683 897 1738; x_wconf 85' lang='lat' dir='ltr'>sapientia</span> <span class='ocrx_word' id='word_1_183' title='bbox 939 1689 1165 1738; x_wconf 87' lang='lat' dir='ltr'>superaret</span> <span class='ocrx_word' id='word_1_184' title='bbox 1202 1683 1405 1723; x_wconf 88' lang='lat' dir='ltr'>virtutem</span> <span class='ocrx_word' id='word_1_185' title='bbox 1445 1698 1514 1725; x_wconf 79' lang='lat' dir='ltr'>so-</span> 
     </span>
     <span class='ocr_line' id='line_1_28' title="bbox 170 1739 1515 1797; baseline -0.001 -15"><span class='ocrx_word' id='word_1_186' title='bbox 170 1741 424 1797; x_wconf 86' lang='lat' dir='ltr'>phistarum,</span> <span class='ocrx_word' id='word_1_187' title='bbox 458 1741 533 1795; x_wconf 91' lang='lat' dir='ltr'>qui</span> <span class='ocrx_word' id='word_1_188' title='bbox 565 1740 708 1781; x_wconf 88' lang='lat' dir='ltr'>omnia</span> <span class='ocrx_word' id='word_1_189' title='bbox 737 1739 793 1780; x_wconf 90' lang='lat' dir='ltr'>ad</span> <span class='ocrx_word' id='word_1_190' title='bbox 822 1740 992 1781; x_wconf 89' lang='lat' dir='ltr'>inanem</span> <span class='ocrx_word' id='word_1_191' title='bbox 1025 1739 1240 1794; x_wconf 88' lang='lat' dir='ltr'>quandam</span> <span class='ocrx_word' id='word_1_192' title='bbox 1271 1739 1515 1781; x_wconf 85' lang='lat' dir='ltr'>referebant</span> 
     </span>
     <span class='ocr_line' id='line_1_29' title="bbox 169 1795 1513 1853; baseline -0.001 -14"><span class='ocrx_word' id='word_1_193' title='bbox 169 1798 407 1853; x_wconf 87' lang='lat' dir='ltr'>sapientiae</span> <span class='ocrx_word' id='word_1_194' title='bbox 447 1797 633 1853; x_wconf 88' lang='lat' dir='ltr'>speciem</span> <span class='ocrx_word' id='word_1_195' title='bbox 673 1802 715 1838; x_wconf 87' lang='lat' dir='ltr'>et</span> <span class='ocrx_word' id='word_1_196' title='bbox 753 1796 845 1838; x_wconf 85' lang='lat' dir='ltr'>sola</span> <span class='ocrx_word' id='word_1_197' title='bbox 882 1796 1078 1837; x_wconf 87' lang='lat' dir='ltr'>lucra-ndi</span> <span class='ocrx_word' id='word_1_198' title='bbox 1119 1795 1355 1851; x_wconf 87' lang='lat' dir='ltr'>cupiditate</span> <span class='ocrx_word' id='word_1_199' title='bbox 1395 1795 1513 1838; x_wconf 89' lang='lat' dir='ltr'>ducti</span> 
     </span>
     <span class='ocr_line' id='line_1_30' title="bbox 169 1852 1513 1909; baseline -0.001 -14"><span class='ocrx_word' id='word_1_200' title='bbox 169 1854 356 1896; x_wconf 87' lang='lat' dir='ltr'>docendi</span> <span class='ocrx_word' id='word_1_201' title='bbox 386 1861 519 1896; x_wconf 88' lang='lat' dir='ltr'>artem</span> <span class='ocrx_word' id='word_1_202' title='bbox 549 1854 875 1909; x_wconf 84' lang='lat' dir='ltr'>profitebantur.</span> <span class='ocrx_word' id='word_1_203' title='bbox 936 1853 1091 1907; x_wconf 85' lang='lat' dir='ltr'>Itaque</span> <span class='ocrx_word' id='word_1_204' title='bbox 1109 1853 1234 1894; x_wconf 87' lang='lat' dir='ltr'>facile</span> <span class='ocrx_word' id='word_1_205' title='bbox 1256 1858 1401 1908; x_wconf 84' lang='lat' dir='ltr'>potest</span> <span class='ocrx_word' id='word_1_206' title='bbox 1425 1852 1513 1893; x_wconf 79' lang='lat' dir='ltr'>exi-</span> 
     </span>
     <span class='ocr_line' id='line_1_31' title="bbox 168 1908 1514 1953; baseline -0.001 -1"><span class='ocrx_word' id='word_1_207' title='bbox 168 1911 331 1953; x_wconf 86' lang='lat' dir='ltr'>stimari</span> <span class='ocrx_word' id='word_1_208' title='bbox 370 1911 497 1952; x_wconf 89' lang='lat' dir='ltr'>huius</span> <span class='ocrx_word' id='word_1_209' title='bbox 539 1910 619 1952; x_wconf 90' lang='lat' dir='ltr'>viri</span> <span class='ocrx_word' id='word_1_210' title='bbox 663 1925 827 1951; x_wconf 84' lang='lat' dir='ltr'>summa</span> <span class='ocrx_word' id='word_1_211' title='bbox 869 1909 1149 1950; x_wconf 85' lang='lat' dir='ltr'>admiratione</span> <span class='ocrx_word' id='word_1_212' title='bbox 1189 1915 1232 1950; x_wconf 88' lang='lat' dir='ltr'>et</span> <span class='ocrx_word' id='word_1_213' title='bbox 1273 1908 1419 1950; x_wconf 88' lang='lat' dir='ltr'>studio</span> <span class='ocrx_word' id='word_1_214' title='bbox 1448 1909 1514 1951; x_wconf 89' lang='lat' dir='ltr'>in-</span> 
     </span>
     <span class='ocr_line' id='line_1_32' title="bbox 169 1965 1514 2023; baseline -0.001 -14"><span class='ocrx_word' id='word_1_215' title='bbox 169 1968 429 2009; x_wconf 87' lang='lat' dir='ltr'>flammatum</span> <span class='ocrx_word' id='word_1_216' title='bbox 479 1982 574 2009; x_wconf 76' lang='lat' dir='ltr'>esse</span> <span class='ocrx_word' id='word_1_217' title='bbox 622 1981 879 2023; x_wconf 85' lang='lat' dir='ltr'>generosum</span> <span class='ocrx_word' id='word_1_218' title='bbox 926 1966 1121 2007; x_wconf 87' lang='lat' dir='ltr'>Platonis</span> <span class='ocrx_word' id='word_1_219' title='bbox 1172 1965 1383 2018; x_wconf 82' lang='lat' dir='ltr'>animum,</span> <span class='ocrx_word' id='word_1_220' title='bbox 1438 1967 1514 2021; x_wconf 89' lang='lat' dir='ltr'>qui</span> 
     </span>
     <span class='ocr_line' id='line_1_33' title="bbox 167 2022 1512 2080; baseline -0.002 -14"><span class='ocrx_word' id='word_1_221' title='bbox 167 2040 300 2079; x_wconf 84' lang='lat' dir='ltr'>quum</span> <span class='ocrx_word' id='word_1_222' title='bbox 349 2039 601 2080; x_wconf 77' lang='lat' dir='ltr'>magnarum</span> <span class='ocrx_word' id='word_1_223' title='bbox 650 2022 999 2076; x_wconf 81' lang='lat' dir='ltr'>excelsarumque</span> <span class='ocrx_word' id='word_1_224' title='bbox 1057 2037 1200 2063; x_wconf 88' lang='lat' dir='ltr'>rerum</span> <span class='ocrx_word' id='word_1_225' title='bbox 1258 2022 1512 2078; x_wconf 79' lang='lat' dir='ltr'>cogitationi</span> 
     </span>
     <span class='ocr_line' id='line_1_34' title="bbox 167 2078 1538 2137; baseline -0.002 -14"><span class='ocrx_word' id='word_1_226' title='bbox 167 2097 335 2137; x_wconf 86' lang='lat' dir='ltr'>semper</span> <span class='ocrx_word' id='word_1_227' title='bbox 361 2082 520 2123; x_wconf 84' lang='lat' dir='ltr'>infixus</span> <span class='ocrx_word' id='word_1_228' title='bbox 550 2086 664 2122; x_wconf 87' lang='lat' dir='ltr'>esset</span> <span class='ocrx_word' id='word_1_229' title='bbox 695 2086 738 2121; x_wconf 92' lang='lat' dir='ltr'>et</span> <span class='ocrx_word' id='word_1_230' title='bbox 756 2085 934 2120; x_wconf 86' lang='lat' dir='ltr'>naturae</span> <span class='ocrx_word' id='word_1_231' title='bbox 956 2078 1169 2120; x_wconf 85' lang='lat' dir='ltr'>beneficio</span> <span class='ocrx_word' id='word_1_232' title='bbox 1190 2079 1372 2133; x_wconf 89' lang='lat' dir='ltr'>polleret</span> <span class='ocrx_word' id='word_1_233' title='bbox 1392 2093 1511 2120; x_wconf 89' lang='lat' dir='ltr'>acer·</span> <span class='ocrx_word' id='word_1_234' title='bbox 1533 2084 1538 2088; x_wconf 85' lang='lat'>&#39;</span> 
     </span>
     <span class='ocr_line' id='line_1_35' title="bbox 166 2135 1509 2192; baseline -0.002 -13"><span class='ocrx_word' id='word_1_235' title='bbox 166 2139 271 2179; x_wconf 89' lang='lat' dir='ltr'>rimo</span> <span class='ocrx_word' id='word_1_236' title='bbox 313 2139 401 2180; x_wconf 88' lang='lat' dir='ltr'>veri</span> <span class='ocrx_word' id='word_1_237' title='bbox 439 2137 628 2192; x_wconf 84' lang='lat' dir='ltr'>bonique</span> <span class='ocrx_word' id='word_1_238' title='bbox 670 2151 823 2189; x_wconf 84' lang='lat' dir='ltr'>sensu,</span> <span class='ocrx_word' id='word_1_239' title='bbox 877 2151 962 2177; x_wconf 91' lang='lat' dir='ltr'>non</span> <span class='ocrx_word' id='word_1_240' title='bbox 1002 2141 1167 2191; x_wconf 85' lang='lat' dir='ltr'>poterat</span> <span class='ocrx_word' id='word_1_241' title='bbox 1213 2151 1300 2176; x_wconf 89' lang='lat' dir='ltr'>non</span> <span class='ocrx_word' id='word_1_242' title='bbox 1350 2135 1509 2176; x_wconf 89' lang='lat' dir='ltr'>sentire</span> 
     </span>
     <span class='ocr_line' id='line_1_36' title="bbox 167 2192 1508 2251; baseline -0.004 -14"><span class='ocrx_word' id='word_1_243' title='bbox 167 2211 298 2251; x_wconf 89' lang='lat' dir='ltr'>quum</span> <span class='ocrx_word' id='word_1_244' title='bbox 338 2194 588 2246; x_wconf 81' lang='lat' dir='ltr'>doctrinae,</span> <span class='ocrx_word' id='word_1_245' title='bbox 636 2209 765 2248; x_wconf 86' lang='lat' dir='ltr'>quam</span> <span class='ocrx_word' id='word_1_246' title='bbox 797 2192 999 2235; x_wconf 83' lang='lat' dir='ltr'>Socrates</span> <span class='ocrx_word' id='word_1_247' title='bbox 1028 2192 1249 2245; x_wconf 84' lang='lat' dir='ltr'>tradebat,</span> <span class='ocrx_word' id='word_1_248' title='bbox 1281 2192 1508 2233; x_wconf 85' lang='lat' dir='ltr'>veritatem</span> 
     </span>
     <span class='ocr_line' id='line_1_37' title="bbox 165 2248 1508 2308; baseline -0.002 -15"><span class='ocrx_word' id='word_1_249' title='bbox 165 2258 295 2307; x_wconf 85' lang='lat' dir='ltr'>atque</span> <span class='ocrx_word' id='word_1_250' title='bbox 326 2252 603 2308; x_wconf 78' lang='lat' dir='ltr'>dignitatem,</span> <span class='ocrx_word' id='word_1_251' title='bbox 634 2256 725 2291; x_wconf 89' lang='lat' dir='ltr'>tum</span> <span class='ocrx_word' id='word_1_252' title='bbox 754 2249 946 2303; x_wconf 88' lang='lat' dir='ltr'>rationis,</span> <span class='ocrx_word' id='word_1_253' title='bbox 980 2264 1106 2303; x_wconf 83' lang='lat' dir='ltr'>quam</span> <span class='ocrx_word' id='word_1_254' title='bbox 1136 2248 1206 2289; x_wconf 87' lang='lat' dir='ltr'>ille</span> <span class='ocrx_word' id='word_1_255' title='bbox 1238 2249 1280 2289; x_wconf 89' lang='lat' dir='ltr'>in</span> <span class='ocrx_word' id='word_1_256' title='bbox 1313 2248 1508 2290; x_wconf 89' lang='lat' dir='ltr'>docendo</span> 
     </span>
     <span class='ocr_line' id='line_1_38' title="bbox 166 2303 1508 2364; baseline -0.002 -14"><span class='ocrx_word' id='word_1_257' title='bbox 166 2310 452 2364; x_wconf 83' lang='lat' dir='ltr'>sequebatur,</span> <span class='ocrx_word' id='word_1_258' title='bbox 493 2308 578 2350; x_wconf 88' lang='lat' dir='ltr'>vim</span> <span class='ocrx_word' id='word_1_259' title='bbox 608 2312 650 2348; x_wconf 89' lang='lat' dir='ltr'>et</span> <span class='ocrx_word' id='word_1_260' title='bbox 679 2306 915 2348; x_wconf 86' lang='lat' dir='ltr'>efficaciam</span> <span class='ocrx_word' id='word_1_261' title='bbox 954 2306 1009 2346; x_wconf 88' lang='lat' dir='ltr'>ad</span> <span class='ocrx_word' id='word_1_262' title='bbox 1040 2305 1339 2362; x_wconf 80' lang='lat' dir='ltr'>coarguendos</span> <span class='ocrx_word' id='word_1_263' title='bbox 1359 2303 1508 2347; x_wconf 68' lang='lat' dir='ltr'>⁴homi-</span> 
     </span>
     <span class='ocr_line' id='line_1_39' title="bbox 164 2362 1507 2407; baseline -0.003 0"><span class='ocrx_word' id='word_1_264' title='bbox 164 2382 266 2407; x_wconf 88' lang='lat' dir='ltr'>num</span> <span class='ocrx_word' id='word_1_265' title='bbox 296 2381 461 2407; x_wconf 88' lang='lat' dir='ltr'>errores</span> <span class='ocrx_word' id='word_1_266' title='bbox 508 2374 551 2407; x_wconf 92' lang='lat' dir='ltr'>et</span> <span class='ocrx_word' id='word_1_267' title='bbox 580 2363 880 2405; x_wconf 86' lang='lat' dir='ltr'>inveniendam</span> <span class='ocrx_word' id='word_1_268' title='bbox 912 2362 1106 2404; x_wconf 89' lang='lat' dir='ltr'>veritatis</span> <span class='ocrx_word' id='word_1_269' title='bbox 1137 2362 1358 2403; x_wconf 84' lang='lat' dir='ltr'>rationem.</span> <span class='ocrx_word' id='word_1_270' title='bbox 1419 2362 1507 2404; x_wconf 81' lang='lat' dir='ltr'>Ita-</span> 
     </span>
     <span class='ocr_line' id='line_1_40' title="bbox 164 2418 1505 2477; baseline -0.004 -13"><span class='ocrx_word' id='word_1_271' title='bbox 164 2438 247 2477; x_wconf 87' lang='lat' dir='ltr'>que</span> <span class='ocrx_word' id='word_1_272' title='bbox 279 2422 531 2464; x_wconf 87' lang='lat' dir='ltr'>adolescens</span> <span class='ocrx_word' id='word_1_273' title='bbox 560 2427 699 2462; x_wconf 90' lang='lat' dir='ltr'>totum</span> <span class='ocrx_word' id='word_1_274' title='bbox 729 2435 775 2462; x_wconf 91' lang='lat' dir='ltr'>se</span> <span class='ocrx_word' id='word_1_275' title='bbox 807 2418 977 2463; x_wconf 80' lang='lat' dir='ltr'>Socrati</span> <span class='ocrx_word' id='word_1_276' title='bbox 1008 2418 1176 2461; x_wconf 84' lang='lat' dir='ltr'>dedidit</span> <span class='ocrx_word' id='word_1_277' title='bbox 1206 2434 1388 2472; x_wconf 87' lang='lat' dir='ltr'>eumque</span> <span class='ocrx_word' id='word_1_278' title='bbox 1419 2434 1505 2459; x_wconf 91' lang='lat' dir='ltr'>non</span> 
     </span>
     <span class='ocr_line' id='line_1_41' title="bbox 163 2474 1505 2533; baseline -0.003 -13"><span class='ocrx_word' id='word_1_279' title='bbox 163 2479 302 2521; x_wconf 87' lang='lat' dir='ltr'>solum</span> <span class='ocrx_word' id='word_1_280' title='bbox 331 2480 404 2520; x_wconf 87' lang='lat' dir='ltr'>illo</span> <span class='ocrx_word' id='word_1_281' title='bbox 434 2485 651 2533; x_wconf 88' lang='lat' dir='ltr'>tempore,</span> <span class='ocrx_word' id='word_1_282' title='bbox 679 2492 764 2532; x_wconf 88' lang='lat' dir='ltr'>quo</span> <span class='ocrx_word' id='word_1_283' title='bbox 795 2476 886 2517; x_wconf 89' lang='lat' dir='ltr'>eius</span> <span class='ocrx_word' id='word_1_284' title='bbox 914 2475 1142 2532; x_wconf 86' lang='lat' dir='ltr'>disciplina</span> <span class='ocrx_word' id='word_1_285' title='bbox 1172 2476 1396 2528; x_wconf 86' lang='lat' dir='ltr'>utebatur,</span> <span class='ocrx_word' id='word_1_286' title='bbox 1429 2474 1505 2516; x_wconf 90' lang='lat' dir='ltr'>sed</span> 
     </span>
     <span class='ocr_line' id='line_1_42' title="bbox 164 2531 1505 2590; baseline -0.004 -13"><span class='ocrx_word' id='word_1_287' title='bbox 164 2536 293 2576; x_wconf 86' lang='lat' dir='ltr'>etiam</span> <span class='ocrx_word' id='word_1_288' title='bbox 331 2542 485 2590; x_wconf 88' lang='lat' dir='ltr'>postea</span> <span class='ocrx_word' id='word_1_289' title='bbox 523 2540 644 2576; x_wconf 87' lang='lat' dir='ltr'>tanta</span> <span class='ocrx_word' id='word_1_290' title='bbox 684 2533 818 2574; x_wconf 84' lang='lat' dir='ltr'>coluit</span> <span class='ocrx_word' id='word_1_291' title='bbox 859 2533 1043 2588; x_wconf 87' lang='lat' dir='ltr'>pietate,</span> <span class='ocrx_word' id='word_1_292' title='bbox 1083 2540 1132 2573; x_wconf 89' lang='lat' dir='ltr'>ut</span> <span class='ocrx_word' id='word_1_293' title='bbox 1168 2547 1254 2573; x_wconf 90' lang='lat' dir='ltr'>non</span> <span class='ocrx_word' id='word_1_294' title='bbox 1293 2531 1420 2573; x_wconf 89' lang='lat' dir='ltr'>modo</span> <span class='ocrx_word' id='word_1_295' title='bbox 1462 2532 1505 2573; x_wconf 90' lang='lat' dir='ltr'>in</span> 
     </span>
     <span class='ocr_line' id='line_1_43' title="bbox 162 2587 1503 2648; baseline -0.002 -15"><span class='ocrx_word' id='word_1_296' title='bbox 162 2592 334 2648; x_wconf 73' lang='lat' dir='ltr'>scriptis</span> <span class='ocrx_word' id='word_1_297' title='bbox 375 2593 462 2634; x_wconf 86' lang='lat' dir='ltr'>suis</span> <span class='ocrx_word' id='word_1_298' title='bbox 502 2590 730 2633; x_wconf 87' lang='lat' dir='ltr'>retinuerit</span> <span class='ocrx_word' id='word_1_299' title='bbox 773 2589 1038 2632; x_wconf 84' lang='lat' dir='ltr'>Socraticam</span> <span class='ocrx_word' id='word_1_300' title='bbox 1089 2587 1329 2630; x_wconf 86' lang='lat' dir='ltr'>disserendi</span> <span class='ocrx_word' id='word_1_301' title='bbox 1374 2588 1503 2630; x_wconf 90' lang='lat' dir='ltr'>ratio-</span> 
     </span>
     <span class='ocr_line' id='line_1_44' title="bbox 160 2644 1502 2703; baseline -0.004 -13"><span class='ocrx_word' id='word_1_302' title='bbox 160 2664 281 2703; x_wconf 87' lang='lat' dir='ltr'>nem,</span> <span class='ocrx_word' id='word_1_303' title='bbox 323 2664 568 2703; x_wconf 88' lang='lat' dir='ltr'>quanquam</span> <span class='ocrx_word' id='word_1_304' title='bbox 607 2662 698 2688; x_wconf 86' lang='lat' dir='ltr'>eam</span> <span class='ocrx_word' id='word_1_305' title='bbox 739 2646 920 2702; x_wconf 81' lang='lat' dir='ltr'>perfecit</span> <span class='ocrx_word' id='word_1_306' title='bbox 949 2647 1084 2703; x_wconf 82' lang='lat' dir='ltr'>magis</span> <span class='ocrx_word' id='word_1_307' title='bbox 1118 2652 1160 2687; x_wconf 91' lang='lat' dir='ltr'>et</span> <span class='ocrx_word' id='word_1_308' title='bbox 1190 2644 1245 2685; x_wconf 87' lang='lat' dir='ltr'>ad</span> <span class='ocrx_word' id='word_1_309' title='bbox 1272 2644 1376 2687; x_wconf 89' lang='lat' dir='ltr'>artis</span> <span class='ocrx_word' id='word_1_310' title='bbox 1406 2660 1502 2686; x_wconf 92' lang='lat' dir='ltr'>nor-</span> 
     </span>
     <span class='ocr_line' id='line_1_45' title="bbox 161 2702 1501 2758; baseline -0.003 -12"><span class='ocrx_word' id='word_1_311' title='bbox 161 2721 272 2746; x_wconf 86' lang='lat' dir='ltr'>mam</span> <span class='ocrx_word' id='word_1_312' title='bbox 304 2705 508 2758; x_wconf 82' lang='lat' dir='ltr'>excoluit,</span> <span class='ocrx_word' id='word_1_313' title='bbox 539 2720 686 2747; x_wconf 88' lang='lat' dir='ltr'>verum</span> <span class='ocrx_word' id='word_1_314' title='bbox 717 2703 844 2745; x_wconf 88' lang='lat' dir='ltr'>etiam</span> <span class='ocrx_word' id='word_1_315' title='bbox 876 2703 1098 2746; x_wconf 86' lang='lat' dir='ltr'>Socratem</span> <span class='ocrx_word' id='word_1_316' title='bbox 1126 2702 1268 2757; x_wconf 89' lang='lat' dir='ltr'>ipsum</span> <span class='ocrx_word' id='word_1_317' title='bbox 1297 2707 1501 2755; x_wconf 86' lang='lat' dir='ltr'>tanquam</span> 
     </span>
    </p>
   </div>
  </div>
 </body>
</html>
