1644 3039
204 176 256 215 20
573 171 1058 215 PROLEGOMENA
1093 174 1177 215 AD

201 288 314 329 enim
345 301 476 350 quum
507 285 561 326 ad
600 285 770 327 virtutis
811 292 900 327 tum
933 286 985 327 ad
1018 285 1271 342 prudentiae
1294 301 1352 328 ac
1381 286 1550 351 sapien-

201 345 286 386 tiae
325 342 494 384 nomine
527 357 605 383 suo
638 341 753 397 dion·
745 357 794 383 ae
824 343 993 384 laudem
1025 341 1331 396 acquirendam
1350 343 1418 398 Ὃ,
1458 343 1550 384 sine

202 416 288 455 qua
340 400 455 441 vitae
495 398 706 439 humanae
747 414 887 454 neque
918 399 1108 456 dignitas
1139 415 1216 441 sua
1245 415 1383 454 neque
1415 399 1550 441 {elici-

201 464 268 499 tas
298 463 429 511 atque
460 455 575 496 salus
607 461 838 497 constaret.
900 436 1077 498 Grande
1117 456 1249 512 igitur
1279 457 1474 512 profecto
1508 461 1552 497 et

201 514 478 571 magnificum
505 527 659 553 munus
687 511 768 553 fuit
798 513 836 554 ei
868 492 1159 565 destinatum?
1194 519 1242 554 ut
1282 529 1433 554 mirum
1461 528 1550 554 non

201 572 282 624 sit⁷
329 568 447 624 quod
476 569 570 624 ipse
610 568 846 610 identidem
876 585 969 612 sese
1000 570 1166 611 civibus
1210 569 1301 611 suis
1342 569 1551 610 divinitus

201 627 349 669 datum
379 641 471 668 esse
502 625 726 681 p1ofessus
768 632 852 677 est,
895 633 944 667 ut
981 627 1113 667 vitam
1144 641 1372 690 moresque
1404 641 1550 667 eorum

201 683 469 736 emendaret,
519 682 773 737 sapientiam
825 658 1085 739 adaugeret,
1137 683 1252 724 vitae
1295 683 1550 738 pravitatem

199 741 466 797 reprimeret,
495 739 547 780 de
579 754 666 793 quo
696 738 900 781 mandato
931 740 1076 781 divino
1099 740 1212 781 conf.
1234 740 1362 781 etiam
1383 740 1551 781 Theae-

200 805 275 841 tet.
304 814 345 853 p.
383 798 460 838 150
506 795 554 837 C.
588 796 643 840 D.
674 796 726 837 Ε.

313 855 458 908 Atque
493 853 592 894 hinc
631 852 810 894 iudicari
843 853 966 907 licet,
1010 868 1137 907 quam
1177 852 1427 895 verisimilia
1464 852 1552 893 sint

200 911 328 952 etiam
370 910 465 963 illa,
508 924 617 964 quae
659 909 712 951 de
751 910 924 951 oraculo
967 909 1289 974 Chaerephonti
1343 909 1444 950 dato
1496 908 1550 949 ab

199 969 294 1024 ipso
330 966 445 1023 apud
481 967 707 1008 Platonem
742 976 991 1019 narrantur,
1043 982 1152 1020 quae
1197 967 1323 1008 etiam
1363 966 1416 1007 ab
1455 964 1551 1005 aliis

199 1024 584 1066 innumerabilibus
614 1038 749 1079 prope
782 1024 1064 1079 scriptoribus
1110 1023 1339 1065 memoriae
1379 1020 1552 1086 prodita

199 1089 322 1134 sunt,
368 1080 502 1122 veluti
543 1081 595 1122 ab
626 1086 803 1122 auctore
832 1080 1077 1136 Apologiae
1107 1079 1454 1134 Xenophonteae
1486 1094 1551 1119 m-

198 1145 344 1191 certo,
393 1136 708 1179 Plutarcho
753 1136 850 1178 adv.
900 1136 995 1178 Col.
1034 1154 1076 1193 p.
1125 1138 1232 1178 1116
1273 1151 1337 1190 sq.
1384 1134 1552 1177 Athe-

196 1209 364 1247 naeo,
411 1193 681 1235 Patribus
724 1193 1188 1247 Ecclesiasticis‚
1219 1193 1327 1234 aliis.
1387 1191 1550 1244 Quam-

198 1266 326 1306 quam
369 1249 423 1292 de
463 1249 547 1291 illis
587 1249 711 1290 aliter
740 1249 866 1305 plane
896 1249 1197 1291 iudicaverunt
1227 1249 1343 1291 Van
1373 1249 1551 1290 Dalen

197 1309 268 1349 De
299 1306 485 1349 oraculis
517 1306 665 1363 gentil.
698 1306 884 1349 Dissert.
918 1306 978 1348 ΙΙ.
1045 1308 1166 1349 ,194
1198 1321 1292 1361 sqq.
1325 1312 1368 1347 et
1399 1306 1550 1347 Iaco-

195 1365 294 1406 bus
323 1341 644 1405 Bruckerus
675 1363 841 1404 Histor.
874 1363 1038 1405 Philos.
1045 1339 1173 1405 ‘V.01
1203 1363 1237 1406 Ι.
1267 1379 1308 1418 p
1341 1364 1423 1405 534
1453 1377 1548 1417 sqq.

197 1421 270 1476 qui
301 1421 523 1462 veritatem
554 1420 810 1461 narrationis
842 1421 983 1461 varias
1016 1419 1070 1461 ob
1099 1435 1274 1461 caussas
1304 1420 1348 1460 in
1369 1419 1549 1460 dubium

195 1483 409 1519 vocarunt
440 1482 482 1517 et
527 1475 595 1518 vel
625 1475 1008 1531 Chaerephontem
1055 1476 1123 1517 xel
1165 1476 1392 1517 Platonem
1432 1476 1549 1516 frau-

197 1534 264 1576 dis
296 1540 340 1575 et
372 1532 528 1575 erroris
560 1541 888 1574 accusaverunt.
948 1535 1012 1575 At
1041 1533 1240 1573 nimirum
1270 1532 1343 1573 isti
1375 1531 1549 1586 quidem

194 1589 486 1654 granditatem
518 1595 561 1631 et
591 1589 957 1645 magnificentiam
989 1590 1178 1631 muneiis
1209 1604 1234 1629 a
1265 1587 1444 1631 Socrate
1476 1603 1550 1629 su-

195 1647 336 1702 scepti
374 1662 462 1688 non
496 1646 702 1688 videntur
740 1647 846 1689 satis
877 1646 1180 1702 perpendisse,
1222 1652 1268 1686 ut
1306 1661 1360 1687 ne
1391 1645 1549 1686 intelli-

194 1719 298 1769 gere
339 1703 513 1758 quidem
554 1703 799 1758 potuerint,
846 1718 922 1745 cur
962 1710 1037 1744 aut
1067 1702 1307 1758 Delphicus
1340 1702 1446 1745 deus
1480 1717 1548 1744 sa-

193 1761 399 1817 pientiam
431 1759 624 1802 Socratis
654 1766 742 1800 tam
772 1760 914 1816 magni
951 1760 1254 1811 aestimaverit,
1286 1766 1360 1800 aut
1391 1757 1546 1801 Socra·

192 1826 258 1859 tes
298 1818 391 1873 ipse
433 1816 595 1858 oiaculi
632 1831 842 1872 responso
883 1823 1051 1857 tantum
1091 1816 1302 1858 tribuerit.
1374 1815 1545 1879 Nempe

192 1874 454 1930 Delphicum
504 1873 723 1915 oraculum
773 1873 1090 1928 sapientissime
1145 1888 1248 1914 sane
1306 1872 1544 1928 perspexit,

195 1930 406 1973 Graeciae
446 1930 745 1985 imprimisque
786 1930 970 1971 Athenis
1016 1930 1091 1971 tali
1131 1929 1285 1971 mentis
1325 1929 1543 1983 animique

192 1986 408 2028 medicina
445 2001 554 2042 opus
596 2000 715 2039 esse,
757 1987 926 2040 qualem
964 1986 1167 2029 Socrates
1209 1985 1426 2027 videretur
1465 2001 1543 2042 pa-

192 2050 330 2085 ratam
359 2043 538 2097 habere,
583 2042 768 2096 ideoque
808 2042 1010 2098 prudenti
1042 2042 1223 2084 consilio
1256 2042 1543 2083 honorificen-

191 2101 405 2143 tissimum
425 2099 478 2141 de
500 2115 549 2141 eo
572 2114 824 2154 1esponsum
843 2099 990 2140 edidit.
1024 2098 1226 2141 Socrates
1249 2105 1391 2140 autem
1412 2114 1543 2153 quum

193 2157 358 2199 dudum
396 2172 474 2198 sua
515 2162 668 2221 sponte
710 2155 762 2197 de
804 2156 1081 2197 consiliorum
1125 2171 1298 2197 suorum
1328 2155 1544 2211 magnitu-

193 2215 292 2257 dine
322 2216 384 2255 1ta
415 2214 649 2267 sensisset,
691 2219 737 2253 ut
777 2227 826 2253 ea
858 2213 1110 2267 aequalibus
1142 2212 1229 2254 suis
1263 2190 1544 2254 saluberrima

191 2273 283 2313 sore
314 2270 613 2324 flexistimaret,
655 2275 745 2311 tum
786 2269 868 2310 hoc
909 2269 1126 2325 Apollinis
1168 2268 1329 2311 iudicio
1371 2268 1544 2310 videtur

191 2330 235 2370 in
266 2343 345 2371 sua
386 2327 600 2369 sententia
639 2327 700 2367 ita
739 2326 1017 2369 confirmatus
1061 2341 1183 2380 esse,
1215 2331 1263 2367 ut
1293 2341 1389 2368 sese
1422 2325 1543 2367 deni-

234 2513 265 2553 *)
292 2513 374 2544 Fuit
405 2517 520 2544 autem
552 2510 776 2551 philosophia
806 2510 960 2542 Socratis
1005 2511 1228 2542 nibilominus
1268 2514 1341 2540 tota
1379 2508 1539 2549 practica.

306 2558 417 2596 Quam
447 2556 505 2600 qui
530 2566 640 2596 nuper
667 2563 872 2587 censuerunt
900 2556 1063 2588 humilem
1092 2556 1275 2588 admodum
1300 2555 1408 2586 fuisse
1434 2558 1467 2584 et
1490 2554 1541 2583 vi-

305 2610 360 2636 tae
386 2609 518 2636 tantum
545 2602 754 2632 utilitatibus
779 2607 1039 2643 attemperatam
1066 2603 1111 2642 (v.
1137 2602 1307 2633 Dissen.
1334 2600 1389 2632 De
1412 2600 1539 2641 philos.

303 2661 387 2681 mor.
425 2652 460 2681 in
493 2647 658 2688 Xenoph.
692 2658 832 2679 memor.
868 2649 1127 2687 commentam,
1158 2649 1182 2678 ii
1214 2651 1377 2688 quantum
1408 2645 1540 2677 iudicio

305 2707 367 2727 suo
399 2696 478 2728 falsi
511 2694 601 2727 sint,
634 2695 810 2734 praeclare
844 2694 1095 2725 demonstravit
1125 2694 1284 2725 Petrus
1319 2703 1399 2724 van
1430 2692 1539 2723 Lim-

305 2743 381 2772 bur
442 2743 657 2774 Brouwer
684 2740 835 2780 Apolog.
865 2739 998 2772 Socrat.
1026 2751 1059 2781 p.
1086 2741 1129 2774 315
1155 2750 1229 2780 sqq.
