1644 3039
228 144 555 189 APOLOGIA
585 143 911 188 SOCRATIS.
957 144 1004 185 P.
1038 145 1103 186 28.
1139 143 1202 186 St.
1317 145 1389 185 109

25 266 124 319 ,τῶν
159 265 334 307 πολλῶν
383 261 568 319 διαβολή
605 279 648 306 τε
685 266 756 305 καὶ
791 261 988 320 φθόνος.
1045 260 1073 302 ἃ
1113 259 1164 312 δὴ
1201 260 1393 311 πολλοὺς

37 334 107 374 καὶ
145 329 305 380 ἄλλους
340 349 411 373 και
447 330 657 385 ἀγαθοὺς
691 332 859 385 ἇνὸρας
894 327 1063 389 ήρηκεν,
1102 328 1223 382 οἶμαι
1254 330 1391 370 δὲκαὶ

37 398 274 453 αἱρήσειν
269 399 426 442 οὐδὲν
460 401 503 440 δὲ
542 396 696 446 δεινὼ,
735 415 792 451 ιιη
828 402 873 439 ὲν
907 401 1001 449 ἐμοὶ
1039 397 1131 456 στῆ.

124 465 250 516 Ἴσως
280 465 317 507 δ’
351 463 406 508 ἂν
435 482 514 508 ουν
547 464 660 507 εἴποι
681 481 757 514 τις,
783 462 870 505 Εἶτ’
912 462 990 505 οὐκ
1012 461 1217 517 αἰσχύνει,
1237 454 1267 503 ὦ
1294 461 1394 503 Σώ-

37 549 203 587 κρατες,
227 535 433 575 τοιοῦτον
454 532 717 587 ὲπιτηδευιια
738 530 1083 584 ὲπιτηδεύσας,ὲξ
1103 531 1154 573 οὺ
1175 528 1394 572 κινδυνεύ-

38 617 98 650 εις
121 602 216 642 νυνὶ
236 598 517 650 ἀποθανεῖνς
535 596 634 652 Ἐγώ
658 602 700 640 δὲ
723 599 865 651 τούτῳ
882 594 1119 639 ἆνόικαιον
1134 597 1265 650 λόγον
1288 595 1392 639 άντ-

38 672 214 719 είποιμι,
252 667 322 710 ὅτι
361 666 422 710 Οὐ
443 668 583 716 καλῶς
605 671 748 720 λέγεις,
779 658 810 706 ὦ
845 663 1074 719 ἄνθρωπε,
1116 669 1150 706 εὶ
1187 665 1268 707 οἴει
1305 665 1394 707 δεῖν

38 738 242 777 κίνδυνον
291 732 639 788 ὑπολογίζεσθαι
690 736 766 775 τοῦ
803 734 881 784 ζῆν
919 729 942 784 ἢ
981 730 1203 773 τεθνάναι
1237 730 1393 787 ἄνδρα,

38 800 145 845 ὅτου
181 818 221 843 τι
251 805 322 844 καὶ
359 801 542 856 σμικρὸν
577 799 735 860 ὄφελός
771 799 899 848 ἐστιν,
934 798 1021 841 ἀλλ’
1054 798 1132 841 οὐκ
1156 804 1291 841 ἐκεῖνο
1314 798 1387 853 μό-

38 943 66 964 a.
93 933 124 964 b.
150 933 231 966 Vat.
258 933 362 965 Coisl.
389 943 450 965 sex
476 933 617 972 Vindb.,

38 979 79 1011 ai.
109 983 259 1012 tuentur.

39 1100 226 1132 pronomen
256 1091 376 1132 τοῦτο,
413 1092 504 1133 quod
537 1092 677 1124 eandem

39 1146 110 1168 rem
137 1137 201 1168 iam
229 1136 406 1178 significat.
437 1138 583 1170 Adiecta
603 1142 680 1169 sunt

39 1187 151 1214 autem
193 1183 343 1215 oratoria
383 1184 529 1224 quadam
576 1184 678 1215 uber-

39 1231 134 1266 tate,
169 1232 206 1259 ut
240 1228 275 1259 fit
322 1229 354 1260 in
394 1230 677 1271 oppositionibus.

39 1273 172 1305 Similia
198 1273 238 1305 ad
267 1273 372 1315 Gorg.
410 1286 440 1317 p.
467 1275 545 1309 521.
575 1276 612 1306 D.
639 1276 678 1306 Ε.

40 1323 74 1350 et
90 1319 230 1360 Protag.
259 1319 338 1354 316.
360 1320 399 1352 C.
428 1322 676 1354 annotavimus

38 1365 78 1396 In
104 1366 269 1405 proximis
293 1365 384 1408 quod
406 1366 556 1399 Cobet.
584 1368 677 1400 &arr

38 1410 153 1442 Lectt.
180 1421 212 1452 p.
236 1410 314 1445 300.
343 1413 397 1443 καὶ
415 1418 494 1445 ante
515 1409 681 1467 ἀγαθοὺς

38 1453 167 1497 ἄνδρας
191 1456 297 1489 deleri
328 1460 417 1497 vuit,
442 1460 581 1491 minime
607 1460 678 1491 viro

39 1502 143 1534 docto
197 1503 449 1536 assentiendum
508 1509 677 1547 putamus.

37 1548 123 1581 Nam
149 1547 297 1580 πολλοὺς
317 1561 370 1581 και
385 1560 517 1589 αιιους,
544 1551 677 1584 etiam

39 1595 201 1626 multos
223 1595 357 1636 aiios,
383 1597 413 1628 in
440 1607 537 1629 unam
564 1598 678 1629 notio—

39 1649 114 1672 nem
141 1645 350 1682 coarctatur,
376 1649 412 1675 ut
437 1649 531 1676 recte
557 1643 679 1675 deinde

40 1686 346 1728 subiungatur
398 1690 452 1720 καὶ
507 1685 548 1732 ἀγ
553 1687 678 1726 azimis,

39 1731 127 1765 conf.
156 1715 365 1765 Matthiae
398 1736 461 1767 Gr.
490 1736 520 1777 ξ.
530 1701 624 1770 γ444.
646 1735 678 1768 4.

39 1777 111 1810 Nec
150 1788 232 1810 vero
288 1781 490 1813 assensione
540 1782 677 1823 dignum

39 1822 130 1864 quod
169 1824 390 1867 Hirschig.
424 1826 569 1859 fidenter
603 1830 679 1859 Pia-

39 1869 110 1901 toni
144 1870 309 1902 obtrusit.
344 1870 493 1904 πολλοὺς
523 1874 577 1905 καὶ
613 1885 677 1905 κα-

40 1912 123 1946 locs·
146 1916 200 1946 καὶ
227 1911 277 1958 ἀγ.
313 1927 381 1958 quo
411 1929 472 1951 cur
496 1924 593 1952 recte
620 1931 677 1952 ca-

39 1971 190 1997 reamuS,
221 1968 345 2004 sponte
370 1964 578 2007 intelligitur.

87 2003 218 2038 ουδὲν
260 2006 302 2040 δὲ
333 1993 500 2049 δεινόιῖἶ
541 2010 594 2053 μὴ
636 2010 679 2043 ἐν

39 2050 136 2093 ἐμοὶ
162 2053 258 2096 στῇ]
290 2054 322 2089 h.
349 2067 377 2088 e.
414 2068 552 2099 neque
579 2069 678 2090 vero

39 2100 276 2140 periculum
304 2107 390 2142 est,
424 2114 471 2136 ne
498 2115 578 2146 ego
605 2105 678 2136 sim

38 2145 238 2185 ultimus,
271 2157 390 2188 quem
419 2149 598 2182 damnet
621 2153 680 2182 in-

40 2190 162 2222 vidia
194 2197 238 2224 et
269 2193 411 2226 odium
436 2196 681 2228 multitudi-

39 2235 124 2274 nis,
159 2240 198 2268 ut
228 2243 319 2270 recte
347 2241 591 2283 interpretatur
617 2242 682 2274 Fi-

43 2280 235 2315 scherus.
282 2283 449 2319 Nimirum
491 2288 613 2320 mansit
650 2288 682 2319 111

40 2325 260 2368 metaphora,
302 2334 464 2388 quoniam,
496 2335 685 2374 praecessit

41 2371 166 2413 αἱρεῖν,
201 2373 335 2410 dicens
369 2375 412 2419 μὴ
448 2377 484 2409 ἐν
509 2378 583 2418 ἐμοὶ
609 2379 679 2420 στῇ.

41 2418 220 2450 Sententia
249 2422 429 2455 verborum
470 2426 575 2463 initur
601 2424 682 2457 haec

41 2468 111 2497 est.
153 2475 233 2496 non
275 2473 340 2499 est
381 2470 682 2511 metuendum,

41 2509 282 2552 periculum
308 2523 389 2546 non
417 2521 498 2554 est,
526 2527 575 2548 ne
599 2518 682 2549 ista

41 2556 155 2588 mala
198 2559 442 2593 calumniae
493 2567 535 2594 et
575 2562 683 2594 invi-

43 2601 140 2634 diae
166 2611 246 2635 non
271 2607 456 2648 amplius
483 2617 684 2650 grassen-

42 2651 131 2686 tur,
165 2649 248 2681 sed
279 2650 317 2683 in
351 2662 412 2684 me
445 2654 685 2695 aliquando

42 2698 222 2727 cessent
247 2702 289 2728 et
313 2700 640 2739 conquiescant
659 2711 686 2734 s.

44 2738 212 2773 desinant.
242 2741 375 2776 Eodem
402 2744 535 2779 dicendi
560 2755 686 2787 genere

644 931 734 964 Flor.
769 942 800 964 a.
827 930 858 961 d.
887 930 916 963 11.
942 930 963 963 i.
983 929 1063 961 Par.
1091 928 1265 961 CDEHT.
1297 932 1392 972 Aug.

309 979 378 1012 Sed
406 975 535 1021 ἀνδρός
560 979 589 1010 111
616 978 707 1011 {ibris
732 977 847 1009 multis
873 975 983 1008 deest.

749 1088 949 1131 Sophoci
998 1088 1089 1120 Aiae.
1141 1098 1168 1118 v.
1217 1087 1283 1121 198
1319 1098 1391 1128 sqq.

748 1135 884 1176 ἑχθρων
936 1130 971 1165 δ’
1014 1131 1165 1175 ὕβρις-
1190 1129 1391 1173 ὁρμᾶται·

748 1178 867 1221 ἐμοὶὸ’
883 1179 964 1221 ἄχος
991 1180 1182 1211 gaza-aer.
1209 1180 1262 1211 ubi
1289 1181 1395 1221 liquet

748 1228 886 1259 ἔστακει·
911 1231 1053 1268 propter
1071 1232 1307 1267 antegressum
1336 1223 1393 1266 ὁρ-

747 1275 844 1314 μᾶται
870 1273 996 1305 dictum
1029 1283 1115 1304 esse.
1137 1271 1221 1305 lbid.
1249 1282 1279 1305 v,
1302 1273 1393 1306 950..

748 1322 802 1352 ubi
837 1321 1096 1352 Tecmessa:
1135 1314 1199 1349 οιῖκ
1241 1315 1282 1349 ἂν
1319 1314 1393 1350 τάδ’

749 1367 850 1407 ἔστη
878 1364 972 1406 τῇδε,
999 1362 1042 1406 μὴ
1072 1364 1166 1395 θεῶν
1189 1363 1284 1402 μέτα,
1311 1375 1394 1396 11011

747 1413 851 1445 haec
901 1413 1008 1443 mala
1059 1410 1123 1442 hic
1165 1412 1395 1442 constitis-

750 1462 865 1497 sent,
893 1468 921 1491 S.
939 1457 1138 1495 desiissent,
1155 1457 1396 1496 cessavissent‚

747 1504 835 1536 diis
870 1513 950 1535 non
977 1503 1249 1542 iuvantibus,
1285 1504 1395 1544 respi-

747 1550 840 1582 ciens
863 1549 904 1581 ad
927 1549 1030 1581 verba
1051 1548 1153 1581 Chori
1175 1554 1395 1590 antegressa:

751 1592 816 1627 ἀλλ’
843 1591 999 1636 ἀπείργοι
1024 1593 1125 1626 θεός.
1152 1614 1196 1618 —
1234 1595 1284 1626 De
1310 1606 1392 1626 cou-

750 1643 938 1674 structione
976 1641 1147 1674 Phaedon.
1192 1651 1224 1682 p.
1262 1640 1316 1674 84.
1352 1642 1392 1672 B.

752 1685 855 1720 οὐδὲν
888 1684 1012 1724 δεινόν,
1045 1686 1089 1729 μὴ
1127 1686 1296 1728 φοβηθῇ,
1337 1688 1393 1719 11ὺί

750 1745 780 1766 v.
807 1738 921 1765 annot.

794 1780 836 1811 B.
890 1774 985 1810 Εἶτ’
1037 1775 1118 1810 οὐκ
1167 1776 1391 1822 αισχυνει]

750 1827 800 1858 De
826 1821 895 1856 εἶτα
922 1826 952 1856 111
982 1825 1310 1866 interrogationibus
1346 1826 1394 1858 ita

748 1877 935 1914 usurpato,
974 1874 1010 1901 ut
1044 1870 1169 1903 indicet
1196 1871 1394 1904 admiratio-

747 1928 822 1950 nem
873 1922 975 1958 atque
1022 1917 1308 1958 indignationem,
1361 1928 1391 1949 v.

750 1964 952 1996 Valcken.
995 1964 1038 1994 ad
1079 1963 1208 1995 Phoen.
1245 1973 1276 1994 r.
1312 1963 1391 1998 549,

750 2010 888 2050 Viget.
916 2020 948 2050 p.
970 2008 1049 2042 395.
1072 2009 1312 2043 Buttmann.
1331 2011 1391 2044 Gr.

749 2057 779 2098 ξ.
811 2055 888 2089 136.

818 2101 862 2133 εἰ
910 2102 992 2132 οἱέι
1045 2099 1136 2132 δεῖν
1184 2099 1394 2133 κίνδυνον

750 2143 1098 2188 ὑπολογίζεσθαι
1146 2146 1210 2189 —]
1264 2147 1393 2179 Criton.

752 2204 780 2227 c.
808 2194 840 2228 8
868 2191 930 2224 και
966 2190 1193 2248 φαινώμεθα
1204 2191 1304 2224 ἄδικα
1330 2205 1391 2225 αυ-

752 2238 790 2272 τὰ
816 2238 1061 2294 e’pyago'yevoffi
1078 2251 1125 2280 μγ,
1151 2250 1194 2270 ου
1220 2238 1277 2279 δὲῃ
1305 2235 1392 2271 ὑπο-

752 2286 948 2328 λογίζεσθαι
982 2280 1061 2317 ov't’
1097 2296 1124 2316 ει
1134 2283 1319 2341 θνήσκειν
1345 2285 1396 2318 δεῖ

753 2332 1010 2387 παραμένοντας
1042 2332 1096 2362 καὶ
1122 2327 1264 2372 ἦσυχιαν
1290 2329 1395 2374 ἄγον-

750 2388 809 2410 τας
827 2376 870 2410 οὔ
874 2389 907 2409 τε
921 2376 999 2409 ἄλλο
1032 2374 1151 2409 ὁτιοῦν
1174 2375 1311 2418 πάσχειν
1327 2377 1395 2420 πρὸ

751 2426 814 2456 τοῦ
838 2421 974 2456 α’δικεῖι.
1008 2424 1059 2457 cf
1098 2424 1182 2455 inu-a
1210 2436 1238 2464 p
1268 2425 1323 2459 28.

754 2472 864 2503 Verba
892 2471 956 2501 τοῦ
978 2470 1040 2512 ζῆν
1073 2467 1093 2511 ἢ
1117 2468 1280 2502 τεθνάναι
1305 2476 1395 2503 tam-

751 2527 850 2559 quam
878 2519 988 2548 otiosa
1014 2516 1139 2548 abiecit
1159 2516 1376 2560 Hirschig.
1386 2529 1396 2558 ;

752 2573 819 2605 quo
845 2563 928 2603 iure,
955 2562 1101 2594 viderint
1127 2563 1193 2593 alii

801 2606 904 2640 ὅτου
936 2620 970 2640 τι
996 2608 1062 2639 καὶ
1088 2607 1275 2650 σμικρὸν
1299 2607 1396 2650 ὄφε-

754 2652 827 2686 λός
851 2653 1396 2696 ἑστιν]Ει11117ρ111-.ρ.4,Ε

756 2697 859 2732 οὐδὲν
869 2698 932 2743 γὰρ
943 2699 985 2732 ἄν
993 2711 1060 2740 μου
1079 2699 1206 2741 ὄφελος
1215 2701 1275 2743 εἴη.
1285 2702 1397 2744 Legg.

756 2747 814 2781 IX.
851 2759 881 2789 p.
918 2746 996 2783 856.
1033 2747 1072 2779 C.
1106 2747 1172 2779 πᾶς
1204 2745 1268 2789 γὰρ
1300 2744 1397 2790 ἀνήρ,
