1644 3039
168 209 486 255 PLATONIS
521 208 908 254 APOLOGIAM
944 208 1266 253 SOCRATIS.
1344 211 1392 249 41

47 332 171 382 grato
214 331 258 366 et
297 324 475 366 inimico
512 338 616 380 erga
655 338 751 365 eum
793 324 954 377 fuisse,
1001 322 1075 378 qui
1116 320 1261 363 studio
1301 337 1401 363 vere

0 391 3 420 ὲ
46 381 253 424 laudabili
282 396 480 423 caussam
509 380 705 437 magistri
744 395 821 435 pro
853 380 1016 421 viribus
1050 385 1293 421 sustentare
1323 394 1400 420 vo-

46 438 213 492 luisset,
245 445 296 480 ut
325 439 468 493 ipsum
498 436 596 478 ideo
626 437 755 479 etiam
788 436 966 478 haberet
988 435 1175 478 ludibrio
1211 441 1256 477 et
1286 435 1399 477 iner-

46 495 134 537 tiae
164 495 341 538 crimine
373 501 582 536 oneraret.
644 493 917 547 Quamquam
948 494 1040 549 ipse
1070 499 1223 549 postea
1264 499 1400 534 artem

0 571 1 585 ¹
46 552 162 594 illius
193 553 490 606 rationemque
521 558 752 606 propterea
783 550 1069 606 improbavit,
1111 549 1229 604 quod
1260 549 1401 605 philo-

0 611 1 616 ’
47 609 262 665 sophandi
301 609 540 651 subtilitate
581 617 712 663 atque
749 608 1013 649 sublimitate
1057 622 1233 662 prorsus
1266 605 1401 648 desti-

46 673 254 707 tueretur.
324 667 387 708 At
425 666 624 706 nimirum
669 664 788 706 istud
833 663 1007 719 quidem
1039 663 1091 705 de
1122 663 1400 705 celeberrimo

47 722 217 764 rhetore
247 722 457 764 iudicium
486 722 617 778 longo
650 721 821 763 demum
852 729 1046 776 tempore
1076 727 1176 776 post
1206 736 1401 776 exprom-

47 780 127 831 sit,
169 795 300 834 quum
340 794 393 821 ex
431 779 578 835 primis
619 779 846 820 itineribus
886 778 929 819 in
969 778 1154 833 patriam
1201 792 1400 819 reversus

46 835 365 892 philosophiam
397 836 439 877 in
460 835 699 878 Academia
716 835 870 878 docere
891 835 1205 889 constituisset,
1240 835 1402 890 quippe

0 915 2 922 ν
47 899 138 934 tum
170 893 252 935 sibi
283 893 528 934 faciendum
558 900 701 946 ratus,
740 900 788 934 ut
825 892 1087 934 rhetoricam
1126 907 1222 933 cum
1262 891 1404 947 philo-

48 949 203 1004 sophia
243 949 370 1004 quasi
408 950 451 991 in
493 957 709 991 certamen
762 950 1074 1003 committeret,
1122 955 1187 1003 et,
1240 948 1403 1005 Lysiae

48 1005 245 1063 exemplo
287 1007 342 1048 ob
383 1007 532 1049 oculos
565 1007 734 1061 posito,
780 1006 1041 1049 luculentius
1073 1005 1402 1057 demonstraret,

0 1092 1 1102 2
47 1078 177 1117 quam
215 1079 329 1105 vana
371 1070 485 1106 esset
516 1072 560 1105 et
593 1064 734 1105 inanis
765 1064 859 1105 laus
891 1063 1128 1105 artificialis
1160 1063 1283 1104 istius
1316 1062 1405 1104 elo-

0 1154 1 1159 ,
48 1120 275 1175 quentiae,
325 1135 437 1175 quae
478 1121 580 1162 licet
620 1136 715 1162 sese
756 1121 908 1162 mirum
951 1126 1157 1175 quantum
1208 1120 1403 1172 iactaret,

0 1178 1 1182 ’
48 1182 192 1219 tamen
239 1176 342 1219 artis
392 1178 560 1219 ratione
615 1178 742 1233 plane
794 1193 938 1219 carere
996 1176 1228 1218 iudicanda
1278 1183 1406 1219 esset.

48 1233 102 1274 Id
133 1233 252 1290 quod
281 1234 334 1276 ab
366 1250 417 1276 eo
447 1236 491 1275 in
522 1234 721 1276 Phaedro
760 1235 821 1276 ita
851 1235 1013 1275 factum
1047 1249 1143 1276 esse.
1174 1233 1218 1274 in
1248 1234 1406 1290 vulgus

49 1296 201 1332 notum
238 1297 330 1344 est,
371 1298 657 1346 posteaquam
698 1292 782 1333 iam
821 1298 948 1332 antea
987 1291 1031 1332 in
1072 1289 1240 1345 Gorgia
1280 1298 1322 1332 et
1362 1291 1406 1331 in

0 1374 1 1400 3
51 1346 150 1390 loco
182 1347 450 1390 nobilissimo
482 1347 707 1390 Theaetet.
736 1364 778 1404 p.
811 1348 903 1389 17⁵2,
936 1347 1145 1389 C-177,
1177 1348 1229 1388 B.
1263 1353 1407 1390 osten-

51 1405 175 1447 derat
204 1404 493 1459 eloquentiam
524 1404 656 1460 vulgo
699 1405 743 1446 in
775 1405 869 1446 foro
905 1412 945 1446 et
977 1405 1021 1446 in
1050 1404 1199 1462 populi
1231 1405 1405 1446 concio-

49 1462 176 1503 nibus
207 1468 460 1517 regnantem
491 1477 578 1503 non
612 1460 667 1502 ad
688 1462 950 1517 probitatem
974 1469 1103 1517 atque
1135 1462 1408 1503 honestatem

48 1517 126 1561 sed
155 1517 211 1559 ad
240 1518 424 1574 gratiam
453 1526 497 1560 et
525 1518 797 1572 voluptatem
823 1526 1115 1574 comparatam
1143 1534 1250 1562 esse.
1282 1517 1408 1572 Quae

49 1590 180 1630 quum
212 1573 274 1615 ita
302 1575 403 1628 sint,
440 1591 520 1617 nos
551 1574 728 1630 quidem
762 1582 911 1630 aperte
936 1576 1122 1617 fatemur
1153 1576 1196 1617 in
1229 1591 1279 1617 ea
1310 1591 1380 1617 ess

49 1631 287 1685 sententia,
331 1637 383 1673 ut
411 1632 593 1689 Lysiam
619 1647 644 1672 a
677 1632 859 1673 Platone
892 1632 1127 1688 scriptione
1159 1633 1405 1690 Apologiae

49 1688 232 1745 petitum
280 1703 376 1731 esse
424 1689 544 1731 nulla
598 1704 651 1730 ex
702 1696 826 1745 parte
878 1690 1108 1732 verisimile
1161 1705 1255 1732 esse
1307 1705 1409 1732 cen-

49 1760 232 1788 seamus.

161 1802 309 1856 Atque
340 1801 449 1843 haec
479 1800 655 1856 quidem
677 1801 901 1844 hactenus.
968 1802 1194 1859 Superest,
1225 1811 1273 1845 ut
1303 1819 1409 1859 pau·

51 1859 113 1900 cis
164 1858 458 1914 quaerendum
515 1858 573 1899 sit
638 1857 691 1900 de
752 1865 974 1917 tempore,
1044 1875 1129 1915 quo
1188 1860 1410 1917 Apologia

50 1915 248 1957 Platonis
300 1915 456 1957 litteris
507 1915 763 1972 consignata
816 1923 858 1958 et
905 1919 949 1961 in
1000 1917 1140 1959 lucem
1189 1918 1408 1975 publicam

0 1998 1 2001 =
52 1972 210 2014 emissa
242 1971 312 2014 sit.

167 2027 382 2070 Videntur
422 2042 524 2070 vero
563 2029 754 2086 origines
792 2030 883 2072 eius
914 2029 1104 2073 incidere
1135 2031 1179 2072 in
1209 2038 1407 2089 tempora

52 2101 139 2128 non
177 2085 239 2126 ita
273 2085 407 2127 multo
446 2091 545 2141 post
572 2084 766 2128 Socratis
798 2087 962 2129 obitum
999 2088 1209 2130 insecuta.
1270 2088 1408 2132 Cuius

49 2142 292 2185 'sententiae
324 2148 579 2198 argumenta
608 2143 644 2185 si
664 2143 739 2198 qui
768 2144 1006 2198 requirant,
1039 2152 1142 2186 sunt
1171 2146 1244 2186 illa
1272 2162 1408 2202 prope

53 2199 98 2240 in
126 2199 268 2241 medio
299 2199 456 2255 posita.
516 2199 630 2241 Nam
668 2200 852 2256 primum
888 2202 1061 2256 quidem
1100 2203 1174 2243 vix
1213 2209 1280 2244 est
1318 2218 1410 2245 cre-

0 2270 1 2296 1
57 2255 203 2309 dibile,
236 2255 462 2297 Platonem
491 2256 577 2298 tale
597 2256 772 2312 pietatis
796 2264 1134 2313 monumentum,
1168 2260 1294 2314 quale
1325 2259 1409 2302 hoc

0 2314 1 2335 ³
58 2319 146 2365 est,
183 2312 378 2368 longiore
412 2311 582 2354 demum
621 2319 814 2370 tempore
859 2322 960 2371 post
1006 2315 1170 2357 obitum
1211 2315 1406 2359 Socratis

59 2369 206 2424 elapso
245 2368 518 2410 conditurum
556 2370 717 2424 fuisse,
758 2372 875 2426 quod
913 2379 1028 2414 certe
1069 2380 1408 2415 consentaneum

59 2432 126 2467 est
153 2425 238 2466 iam
269 2431 362 2466 tum
402 2426 455 2467 ab
497 2441 548 2469 eo
580 2427 715 2470 fuisse
746 2430 1057 2485 compositum,
1092 2445 1224 2484 quum
1254 2446 1407 2473 recens

61 2481 204 2524 adhuc
244 2481 368 2524 dolor
406 2488 520 2524 esset
560 2498 612 2525 ex
650 2485 845 2541 magistri
888 2492 1023 2527 morte
1071 2493 1301 2543 susceptus
1342 2503 1408 2529 re-

61 2553 251 2592 censque
301 2538 568 2595 indignatiO,
624 2556 752 2595 quam
790 2543 977 2584 fatorum
1024 2543 1229 2597 iniquitas
1278 2550 1408 2598 atque

60 2602 301 2651 temporum
339 2595 496 2637 iniuria
527 2597 817 2641 excitavisset.
877 2598 1048 2641 Deinde
1077 2599 1184 2641 illud
1215 2616 1406 2656 quoque,

61 2653 179 2707 quod
199 2652 490 2694 Athenienses
521 2652 640 2694 brevi
663 2662 764 2709 post
784 2655 976 2698 Socratis
1007 2655 1409 2700 condemnationem

62 2710 165 2751 facti
194 2710 465 2766 poenitentia
491 2709 700 2752 invasisse
732 2718 943 2766 narratur,
977 2712 1030 2754 de
1061 2728 1146 2768 quo
1177 2729 1308 2771 supra
1337 2730 1408 2757 ex-

60 2765 307 2821 posuimus,
347 2772 460 2809 certe
500 2765 579 2808 fuit
623 2767 854 2822 eiusmodi,
900 2775 949 2811 ut
987 2769 1293 2827 philosophum
1330 2772 1407 2814 im—
