<?xml version="1.0" encoding="UTF-8"?>
<!DOCTYPE html PUBLIC "-//W3C//DTD XHTML 1.0 Transitional//EN"
    "http://www.w3.org/TR/xhtml1/DTD/xhtml1-transitional.dtd">
<html xmlns="http://www.w3.org/1999/xhtml" xml:lang="en" lang="en">
 <head>
  <title>
</title>
<meta http-equiv="Content-Type" content="text/html;charset=utf-8" />
  <meta name='ocr-system' content='tesseract 3.04.00' />
  <meta name='ocr-capabilities' content='ocr_page ocr_carea ocr_par ocr_line ocrx_word'/>
</head>
<body>
  <div class='ocr_page' id='page_1' title='image "./n1operaomniarecens01platuoft/n1operaomniarecens01platuoft_0303.png"; bbox 0 0 1644 3039; ppageno 0'>
   <div class='ocr_carea' id='block_1_1' title="bbox 475 159 1472 203">
    <p class='ocr_par' dir='ltr' id='par_1_1' title="bbox 475 159 1472 203">
     <span class='ocr_line' id='line_1_1' title="bbox 475 159 1472 203; baseline -0.003 -1"><span class='ocrx_word' id='word_1_1' title='bbox 475 163 509 202; x_wconf 57' lang='lat' dir='ltr'>t]</span> <span class='ocrx_word' id='word_1_2' title='bbox 544 162 579 203; x_wconf 62' lang='lat' dir='ltr'>lt</span> <span class='ocrx_word' id='word_1_3' title='bbox 612 161 631 202; x_wconf 84' lang='lat' dir='ltr'>I</span> <span class='ocrx_word' id='word_1_4' title='bbox 665 161 702 201; x_wconf 85' lang='lat' dir='ltr'>T</span> <span class='ocrx_word' id='word_1_5' title='bbox 739 162 793 202; x_wconf 79' lang='grc' dir='ltr'>Ο.</span> <span class='ocrx_word' id='word_1_6' title='bbox 840 161 889 202; x_wconf 78' lang='grc' dir='ltr'>Ρ.</span> <span class='ocrx_word' id='word_1_7' title='bbox 922 162 987 202; x_wconf 72' lang='grc'>48.</span> <span class='ocrx_word' id='word_1_8' title='bbox 1028 159 1090 201; x_wconf 64' lang='lat' dir='ltr'>St.</span> <span class='ocrx_word' id='word_1_9' title='bbox 1400 162 1472 200; x_wconf 66' lang='lat'>22¹1</span> 
     </span>
    </p>
   </div>
   <div class='ocr_carea' id='block_1_2' title="bbox 115 276 1484 802">
    <p class='ocr_par' dir='ltr' id='par_1_2' title="bbox 115 276 1484 802">
     <span class='ocr_line' id='line_1_2' title="bbox 117 276 1480 335; baseline -0.005 -12"><span class='ocrx_word' id='word_1_10' title='bbox 117 280 188 331; x_wconf 75' lang='grc' dir='ltr'><em>εἷς,</em></span> <span class='ocrx_word' id='word_1_11' title='bbox 233 281 305 322; x_wconf 73' lang='grc' dir='ltr'>καὶ</span> <span class='ocrx_word' id='word_1_12' title='bbox 342 277 466 331; x_wconf 72' lang='grc' dir='ltr'>αὐτὴ</span> <span class='ocrx_word' id='word_1_13' title='bbox 514 276 538 330; x_wconf 83' lang='grc' dir='ltr'>ὴ</span> <span class='ocrx_word' id='word_1_14' title='bbox 586 277 798 329; x_wconf 65' lang='grc' dir='ltr'><em>ἀλήθεια.</em></span> <span class='ocrx_word' id='word_1_15' title='bbox 850 276 952 327; x_wconf 61' lang='lat' dir='ltr'>dig-re</span> <span class='ocrx_word' id='word_1_16' title='bbox 1003 278 1179 332; x_wconf 66' lang='grc' dir='ltr'><em>πρῶτον</em></span> <span class='ocrx_word' id='word_1_17' title='bbox 1215 280 1295 330; x_wconf 66' lang='grc' dir='ltr'>μὲν</span> <span class='ocrx_word' id='word_1_18' title='bbox 1342 276 1480 335; x_wconf 66' lang='grc' dir='ltr'><em>τανῑῃ</em></span> 
     </span>
     <span class='ocr_line' id='line_1_3' title="bbox 118 344 1482 400; baseline -0.004 -10"><span class='ocrx_word' id='word_1_19' title='bbox 118 347 198 390; x_wconf 79' lang='grc' dir='ltr'>οὐκ</span> <span class='ocrx_word' id='word_1_20' title='bbox 236 345 394 400; x_wconf 77' lang='grc' dir='ltr'><em>ὀρθῶς</em></span> <span class='ocrx_word' id='word_1_21' title='bbox 429 350 595 399; x_wconf 56' lang='lat' dir='ltr'>sigma,</span> <span class='ocrx_word' id='word_1_22' title='bbox 634 344 937 399; x_wconf 68' lang='grc' dir='ltr'>εὶςηγούμενος</span> <span class='ocrx_word' id='word_1_23' title='bbox 976 346 1052 396; x_wconf 73' lang='grc' dir='ltr'>τῆς</span> <span class='ocrx_word' id='word_1_24' title='bbox 1089 345 1176 385; x_wconf 76' lang='grc' dir='ltr'>τῶν</span> <span class='ocrx_word' id='word_1_25' title='bbox 1203 344 1379 384; x_wconf 76' lang='grc' dir='ltr'><em>πολλῶν</em></span> <span class='ocrx_word' id='word_1_26' title='bbox 1409 345 1482 384; x_wconf 80' lang='grc' dir='ltr'>δο-</span> 
     </span>
     <span class='ocr_line' id='line_1_4' title="bbox 115 411 1482 470; baseline -0.003 -14"><span class='ocrx_word' id='word_1_27' title='bbox 115 414 190 466; x_wconf 81' lang='grc' dir='ltr'>ξης</span> <span class='ocrx_word' id='word_1_28' title='bbox 223 416 312 456; x_wconf 79' lang='grc' dir='ltr'><em>δεῖν</em></span> <span class='ocrx_word' id='word_1_29' title='bbox 347 411 465 468; x_wconf 73' lang='grc' dir='ltr'><em>ἡμᾶς</em></span> <span class='ocrx_word' id='word_1_30' title='bbox 492 414 742 470; x_wconf 59' lang='grc' dir='ltr'><em>φροντίζειν</em></span> <span class='ocrx_word' id='word_1_31' title='bbox 776 414 870 466; x_wconf 73' lang='grc' dir='ltr'>περὶ</span> <span class='ocrx_word' id='word_1_32' title='bbox 902 413 989 453; x_wconf 83' lang='grc' dir='ltr'>τῶν</span> <span class='ocrx_word' id='word_1_33' title='bbox 1018 414 1197 452; x_wconf 76' lang='grc' dir='ltr'><em>ὄικαίων</em></span> <span class='ocrx_word' id='word_1_34' title='bbox 1228 411 1300 452; x_wconf 80' lang='grc' dir='ltr'>καὶ</span> <span class='ocrx_word' id='word_1_35' title='bbox 1335 411 1482 452; x_wconf 79' lang='grc' dir='ltr'><em>καλῶν</em></span> 
     </span>
     <span class='ocr_line' id='line_1_5' title="bbox 115 476 1482 534; baseline -0.003 -12"><span class='ocrx_word' id='word_1_36' title='bbox 115 483 187 523; x_wconf 87' lang='grc' dir='ltr'>καὶ</span> <span class='ocrx_word' id='word_1_37' title='bbox 238 480 436 534; x_wconf 72' lang='grc' dir='ltr'><em>ἀγαθῶν</em></span> <span class='ocrx_word' id='word_1_38' title='bbox 485 483 555 521; x_wconf 82' lang='grc' dir='ltr'>καὶ</span> <span class='ocrx_word' id='word_1_39' title='bbox 603 481 690 520; x_wconf 80' lang='grc' dir='ltr'>τῶν</span> <span class='ocrx_word' id='word_1_40' title='bbox 725 482 946 520; x_wconf 79' lang='grc' dir='ltr'><em>ἐναντίων.</em></span> <span class='ocrx_word' id='word_1_41' title='bbox 994 477 1107 519; x_wconf 70' lang='grc' dir='ltr'>ἀλλὰ</span> <span class='ocrx_word' id='word_1_42' title='bbox 1145 479 1225 531; x_wconf 75' lang='grc' dir='ltr'>μὲν</span> <span class='ocrx_word' id='word_1_43' title='bbox 1262 476 1331 527; x_wconf 72' lang='grc' dir='ltr'>δή,</span> <span class='ocrx_word' id='word_1_44' title='bbox 1371 480 1482 531; x_wconf 64' lang='grc' dir='ltr'>φαίη</span> 
     </span>
     <span class='ocr_line' id='line_1_6' title="bbox 115 543 1481 601; baseline -0.002 -12"><span class='ocrx_word' id='word_1_45' title='bbox 115 546 147 601; x_wconf 77' lang='grc' dir='ltr'>γ’</span> <span class='ocrx_word' id='word_1_46' title='bbox 188 544 247 589; x_wconf 78' lang='grc' dir='ltr'>ἄν</span> <span class='ocrx_word' id='word_1_47' title='bbox 284 564 360 596; x_wconf 78' lang='grc' dir='ltr'>τις,</span> <span class='ocrx_word' id='word_1_48' title='bbox 398 544 485 588; x_wconf 85' lang='grc' dir='ltr'><em>οἷοί</em></span> <span class='ocrx_word' id='word_1_49' title='bbox 521 545 550 588; x_wconf 81' lang='grc' dir='ltr'>τ’</span> <span class='ocrx_word' id='word_1_50' title='bbox 594 548 700 588; x_wconf 73' lang='grc' dir='ltr'><em>εἰσὶν</em></span> <span class='ocrx_word' id='word_1_51' title='bbox 736 543 854 599; x_wconf 76' lang='grc' dir='ltr'>ἡμᾶς</span> <span class='ocrx_word' id='word_1_52' title='bbox 889 549 930 587; x_wconf 87' lang='grc' dir='ltr'>οὶ</span> <span class='ocrx_word' id='word_1_53' title='bbox 966 547 1120 587; x_wconf 77' lang='grc' dir='ltr'><em>πολλοὶ</em></span> <span class='ocrx_word' id='word_1_54' title='bbox 1146 543 1481 586; x_wconf 77' lang='grc' dir='ltr'><em>ἀποκτιννύναι.</em></span> 
     </span>
     <span class='ocr_line' id='line_1_7' title="bbox 117 603 1481 669; baseline -0.004 -13"><span class='ocrx_word' id='word_1_55' title='bbox 117 614 213 656; x_wconf 87' lang='lat' dir='ltr'>KP.</span> <span class='ocrx_word' id='word_1_56' title='bbox 257 616 378 665; x_wconf 77' lang='grc' dir='ltr'><em>Δῆλα</em></span> <span class='ocrx_word' id='word_1_57' title='bbox 424 610 477 664; x_wconf 71' lang='grc' dir='ltr'>δὴ</span> <span class='ocrx_word' id='word_1_58' title='bbox 513 615 584 655; x_wconf 80' lang='grc' dir='ltr'>καὶ</span> <span class='ocrx_word' id='word_1_59' title='bbox 621 614 787 655; x_wconf 82' lang='grc' dir='ltr'><em>ταῦτα·</em></span> <span class='ocrx_word' id='word_1_60' title='bbox 834 616 946 669; x_wconf 68' lang='lat' dir='ltr'>(sain</span> <span class='ocrx_word' id='word_1_61' title='bbox 980 610 1066 665; x_wconf 70' lang='grc' dir='ltr'>γάρ</span> <span class='ocrx_word' id='word_1_62' title='bbox 1102 609 1184 660; x_wconf 73' lang='grc' dir='ltr'>ἄν,</span> <span class='ocrx_word' id='word_1_63' title='bbox 1219 603 1249 652; x_wconf 82' lang='grc' dir='ltr'><strong><em>ὦ</em></strong></span> <span class='ocrx_word' id='word_1_64' title='bbox 1291 610 1481 665; x_wconf 56' lang='grc' dir='ltr'><em>Σώκρα-</em></span> 
     </span>
     <span class='ocr_line' id='line_1_8' title="bbox 116 670 1480 733; baseline -0.001 -11"><span class='ocrx_word' id='word_1_65' title='bbox 116 698 197 731; x_wconf 83' lang='grc' dir='ltr'><em>τες.</em></span> <span class='ocrx_word' id='word_1_66' title='bbox 235 680 339 723; x_wconf 84' lang='grc' dir='ltr'>ΣΩ,</span> <span class='ocrx_word' id='word_1_67' title='bbox 372 679 546 732; x_wconf 73' lang='grc' dir='ltr'><em>Ἀληθῆ</em></span> <span class='ocrx_word' id='word_1_68' title='bbox 583 682 727 732; x_wconf 68' lang='grc' dir='ltr'><strong><em>λὲγεις.</em></strong></span> <span class='ocrx_word' id='word_1_69' title='bbox 764 677 883 731; x_wconf 72' lang='grc' dir='ltr'><em>ἀλλ’,</em></span> <span class='ocrx_word' id='word_1_70' title='bbox 922 672 953 720; x_wconf 79' lang='grc' dir='ltr'><strong><em>ὦ</em></strong></span> <span class='ocrx_word' id='word_1_71' title='bbox 995 678 1234 733; x_wconf 74' lang='grc' dir='ltr'><em>θαυμάσιε,</em></span> <span class='ocrx_word' id='word_1_72' title='bbox 1273 670 1403 726; x_wconf 76' lang='grc' dir='ltr'><em>οὗτος</em></span> <span class='ocrx_word' id='word_1_73' title='bbox 1438 694 1480 720; x_wconf 83' lang='grc' dir='ltr'>τε</span> 
     </span>
     <span class='ocr_line' id='line_1_9' title="bbox 115 742 1484 802; baseline -0.003 -12"><span class='ocrx_word' id='word_1_74' title='bbox 115 746 138 790; x_wconf 90' lang='grc' dir='ltr'>ὁ</span> <span class='ocrx_word' id='word_1_75' title='bbox 176 747 329 802; x_wconf 77' lang='grc' dir='ltr'><em>λόγος,</em></span> <span class='ocrx_word' id='word_1_76' title='bbox 379 744 432 790; x_wconf 84' lang='grc' dir='ltr'>ὃν</span> <span class='ocrx_word' id='word_1_77' title='bbox 469 746 821 802; x_wconf 72' lang='grc' dir='ltr'><em>διεληλύθαμεν,</em></span> <span class='ocrx_word' id='word_1_78' title='bbox 869 750 1012 800; x_wconf 63' lang='grc' dir='ltr'><em>ἔμοιγε</em></span> <span class='ocrx_word' id='word_1_79' title='bbox 1058 748 1176 789; x_wconf 80' lang='grc' dir='ltr'><em>δοκεῖ</em></span> <span class='ocrx_word' id='word_1_80' title='bbox 1224 747 1285 786; x_wconf 76' lang='grc' dir='ltr'>ἔτι</span> <span class='ocrx_word' id='word_1_81' title='bbox 1331 742 1484 799; x_wconf 83' lang='grc' dir='ltr'><em>ὅμοιος</em></span> 
     </span>
    </p>
   </div>
   <div class='ocr_carea' id='block_1_3' title="bbox 115 921 1483 1009">
    <p class='ocr_par' dir='ltr' id='par_1_3' title="bbox 115 921 1483 1009">
     <span class='ocr_line' id='line_1_10' title="bbox 115 921 1483 965; baseline -0.001 -11"><span class='ocrx_word' id='word_1_82' title='bbox 115 923 242 965; x_wconf 86' lang='lat' dir='ltr'>quippe</span> <span class='ocrx_word' id='word_1_83' title='bbox 268 926 437 964; x_wconf 81' lang='lat' dir='ltr'>nugantes</span> <span class='ocrx_word' id='word_1_84' title='bbox 469 922 546 955; x_wconf 75' lang='lat' dir='ltr'>nihi}</span> <span class='ocrx_word' id='word_1_85' title='bbox 580 928 767 956; x_wconf 74' lang='lat' dir='ltr'>‹em-antem.</span> <span class='ocrx_word' id='word_1_86' title='bbox 819 922 855 954; x_wconf 85' lang='lat' dir='ltr'>ln</span> <span class='ocrx_word' id='word_1_87' title='bbox 881 932 947 964; x_wconf 79' lang='lat' dir='ltr'>quo</span> <span class='ocrx_word' id='word_1_88' title='bbox 975 927 1069 954; x_wconf 77' lang='lat' dir='ltr'>certe</span> <span class='ocrx_word' id='word_1_89' title='bbox 1096 923 1171 963; x_wconf 84' lang='lat' dir='ltr'>ipse</span> <span class='ocrx_word' id='word_1_90' title='bbox 1198 921 1350 952; x_wconf 79' lang='lat' dir='ltr'>critic-am</span> <span class='ocrx_word' id='word_1_91' title='bbox 1386 922 1483 953; x_wconf 71' lang='lat' dir='ltr'>fasti-</span> 
     </span>
     <span class='ocr_line' id='line_1_11' title="bbox 116 968 1094 1009; baseline -0.001 -9"><span class='ocrx_word' id='word_1_92' title='bbox 116 970 202 1000; x_wconf 72' lang='lat' dir='ltr'>tarit</span> <span class='ocrx_word' id='word_1_93' title='bbox 227 968 346 999; x_wconf 78' lang='lat' dir='ltr'>leviter</span> <span class='ocrx_word' id='word_1_94' title='bbox 371 971 406 999; x_wconf 87' lang='lat' dir='ltr'>et</span> <span class='ocrx_word' id='word_1_95' title='bbox 431 969 624 1008; x_wconf 66' lang='lat' dir='ltr'>nugatorie,</span> <span class='ocrx_word' id='word_1_96' title='bbox 652 973 690 1001; x_wconf 93' lang='lat' dir='ltr'>ut</span> <span class='ocrx_word' id='word_1_97' title='bbox 715 969 790 1000; x_wconf 80' lang='lat' dir='ltr'>aliis</span> <span class='ocrx_word' id='word_1_98' title='bbox 818 969 900 1000; x_wconf 84' lang='lat' dir='ltr'>iocis</span> <span class='ocrx_word' id='word_1_99' title='bbox 927 968 1094 1009; x_wconf 76' lang='lat' dir='ltr'>plurimis.</span> 
     </span>
    </p>
   </div>
   <div class='ocr_carea' id='block_1_4' title="bbox 207 1011 1483 1055">
    <p class='ocr_par' dir='ltr' id='par_1_4' title="bbox 207 1011 1483 1055">
     <span class='ocr_line' id='line_1_12' title="bbox 207 1011 1483 1055; baseline 0.002 -11"><span class='ocrx_word' id='word_1_100' title='bbox 207 1012 333 1045; x_wconf 76' lang='grc' dir='ltr'><em>δοκεῖ</em></span> <span class='ocrx_word' id='word_1_101' title='bbox 374 1014 432 1045; x_wconf 79' lang='grc' dir='ltr'>ἔτι</span> <span class='ocrx_word' id='word_1_102' title='bbox 475 1011 656 1055; x_wconf 68' lang='grc' dir='ltr'>ὅμοιος]</span> <span class='ocrx_word' id='word_1_103' title='bbox 704 1014 749 1045; x_wconf 76' lang='grc' dir='ltr'>ἔτι</span> <span class='ocrx_word' id='word_1_104' title='bbox 788 1024 863 1045; x_wconf 79' lang='lat' dir='ltr'>cum</span> <span class='ocrx_word' id='word_1_105' title='bbox 903 1014 1108 1046; x_wconf 79' lang='lat' dir='ltr'>Bekkero</span> <span class='ocrx_word' id='word_1_106' title='bbox 1143 1012 1296 1045; x_wconf 77' lang='lat' dir='ltr'>dedimus</span> <span class='ocrx_word' id='word_1_107' title='bbox 1336 1023 1354 1044; x_wconf 86' lang='lat' dir='ltr'>e</span> <span class='ocrx_word' id='word_1_108' title='bbox 1393 1013 1483 1046; x_wconf 76' lang='lat' dir='ltr'>Tui).</span> 
     </span>
    </p>
   </div>
   <div class='ocr_carea' id='block_1_5' title="bbox 114 1059 747 1147">
    <p class='ocr_par' dir='ltr' id='par_1_5' title="bbox 114 1059 747 1147">
     <span class='ocr_line' id='line_1_13' title="bbox 114 1059 747 1093; baseline 0.005 -4"><span class='ocrx_word' id='word_1_109' title='bbox 114 1059 203 1092; x_wconf 90' lang='lat' dir='ltr'>Ven.</span> <span class='ocrx_word' id='word_1_110' title='bbox 231 1060 262 1091; x_wconf 84' lang='lat' dir='ltr'>b.</span> <span class='ocrx_word' id='word_1_111' title='bbox 289 1059 396 1093; x_wconf 87' lang='lat' dir='ltr'>Huet.</span> <span class='ocrx_word' id='word_1_112' title='bbox 423 1059 502 1091; x_wconf 81' lang='lat' dir='ltr'>Par.</span> <span class='ocrx_word' id='word_1_113' title='bbox 530 1061 567 1091; x_wconf 88' lang='lat' dir='ltr'>D.</span> <span class='ocrx_word' id='word_1_114' title='bbox 603 1060 691 1092; x_wconf 80' lang='lat' dir='ltr'>Flor.</span> <span class='ocrx_word' id='word_1_115' title='bbox 719 1060 747 1092; x_wconf 87' lang='grc' dir='ltr'>Ιι.</span> 
     </span>
     <span class='ocr_line' id='line_1_14' title="bbox 116 1105 608 1147; baseline 0.002 -11"><span class='ocrx_word' id='word_1_116' title='bbox 116 1116 182 1147; x_wconf 79' lang='grc' dir='ltr'>ρῳ,</span> <span class='ocrx_word' id='word_1_117' title='bbox 217 1105 309 1146; x_wconf 88' lang='lat' dir='ltr'>quod</span> <span class='ocrx_word' id='word_1_118' title='bbox 345 1115 363 1136; x_wconf 91' lang='lat' dir='ltr'>e</span> <span class='ocrx_word' id='word_1_119' title='bbox 393 1105 491 1138; x_wconf 78' lang='lat' dir='ltr'>Bodl.</span> <span class='ocrx_word' id='word_1_120' title='bbox 517 1105 608 1137; x_wconf 85' lang='lat' dir='ltr'>Tuh.</span> 
     </span>
    </p>
   </div>
   <div class='ocr_carea' id='block_1_6' title="bbox 642 1105 782 1138">
    <p class='ocr_par' dir='ltr' id='par_1_6' title="bbox 642 1105 782 1138">
     <span class='ocr_line' id='line_1_15' title="bbox 642 1105 782 1138; baseline 0.007 -2"><span class='ocrx_word' id='word_1_121' title='bbox 642 1105 722 1138; x_wconf 85' lang='lat' dir='ltr'>Veu.</span> <span class='ocrx_word' id='word_1_122' title='bbox 752 1106 782 1137; x_wconf 86' lang='lat' dir='ltr'>h.</span> 
     </span>
    </p>
   </div>
   <div class='ocr_carea' id='block_1_7' title="bbox 798 1059 1483 1139">
    <p class='ocr_par' dir='ltr' id='par_1_7' title="bbox 798 1059 1483 1139">
     <span class='ocr_line' id='line_1_16' title="bbox 798 1059 1483 1100; baseline -0.001 -9"><span class='ocrx_word' id='word_1_123' title='bbox 798 1060 930 1091; x_wconf 81' lang='lat' dir='ltr'>Deinde</span> <span class='ocrx_word' id='word_1_124' title='bbox 956 1061 1057 1100; x_wconf 75' lang='lat' dir='ltr'>vulgo</span> <span class='ocrx_word' id='word_1_125' title='bbox 1089 1059 1267 1100; x_wconf 83' lang='lat' dir='ltr'>legebatur</span> <span class='ocrx_word' id='word_1_126' title='bbox 1294 1059 1338 1100; x_wconf 74' lang='grc' dir='ltr'>τῷ</span> <span class='ocrx_word' id='word_1_127' title='bbox 1365 1059 1483 1099; x_wconf 80' lang='grc' dir='ltr'><em>προτέ-</em></span> 
     </span>
     <span class='ocr_line' id='line_1_17' title="bbox 811 1103 1482 1139; baseline -0.001 -2"><span class='ocrx_word' id='word_1_128' title='bbox 811 1105 916 1139; x_wconf 77' lang='lat' dir='ltr'>Huet.</span> <span class='ocrx_word' id='word_1_129' title='bbox 944 1105 1022 1137; x_wconf 86' lang='lat' dir='ltr'>Par.</span> <span class='ocrx_word' id='word_1_130' title='bbox 1052 1104 1118 1136; x_wconf 87' lang='lat' dir='ltr'>DS.</span> <span class='ocrx_word' id='word_1_131' title='bbox 1149 1104 1244 1136; x_wconf 73' lang='lat' dir='ltr'>Vind.</span> <span class='ocrx_word' id='word_1_132' title='bbox 1271 1103 1303 1137; x_wconf 86' lang='lat'>4.</span> <span class='ocrx_word' id='word_1_133' title='bbox 1333 1104 1424 1138; x_wconf 68' lang='lat' dir='ltr'>Flor.</span> <span class='ocrx_word' id='word_1_134' title='bbox 1452 1105 1482 1136; x_wconf 91' lang='lat' dir='ltr'>h.</span> 
     </span>
    </p>
   </div>
   <div class='ocr_carea' id='block_1_8' title="bbox 114 1149 1481 1193">
    <p class='ocr_par' dir='ltr' id='par_1_8' title="bbox 114 1149 1481 1193">
     <span class='ocr_line' id='line_1_18' title="bbox 114 1149 1481 1193; baseline 0 -11"><span class='ocrx_word' id='word_1_135' title='bbox 114 1153 148 1182; x_wconf 92' lang='lat' dir='ltr'>in</span> <span class='ocrx_word' id='word_1_136' title='bbox 175 1151 220 1193; x_wconf 72' lang='grc' dir='ltr'>τῷ</span> <span class='ocrx_word' id='word_1_137' title='bbox 246 1151 299 1182; x_wconf 85' lang='grc' dir='ltr'>καὶ</span> <span class='ocrx_word' id='word_1_138' title='bbox 325 1149 494 1192; x_wconf 70' lang='grc' dir='ltr'>πρότερον</span> <span class='ocrx_word' id='word_1_139' title='bbox 520 1156 698 1184; x_wconf 72' lang='lat' dir='ltr'>mutatum.</span> <span class='ocrx_word' id='word_1_140' title='bbox 732 1151 882 1183; x_wconf 85' lang='lat' dir='ltr'>Temere</span> <span class='ocrx_word' id='word_1_141' title='bbox 908 1161 1017 1192; x_wconf 74' lang='lat' dir='ltr'>nuper</span> <span class='ocrx_word' id='word_1_142' title='bbox 1052 1150 1118 1182; x_wconf 81' lang='lat' dir='ltr'>fuit</span> <span class='ocrx_word' id='word_1_143' title='bbox 1149 1151 1204 1191; x_wconf 92' lang='lat' dir='ltr'>qui</span> <span class='ocrx_word' id='word_1_144' title='bbox 1236 1150 1280 1191; x_wconf 77' lang='grc' dir='ltr'>τῷ</span> <span class='ocrx_word' id='word_1_145' title='bbox 1307 1150 1481 1182; x_wconf 79' lang='lat' dir='ltr'>eliminan-</span> 
     </span>
    </p>
   </div>
   <div class='ocr_carea' id='block_1_9' title="bbox 113 1197 628 1237">
    <p class='ocr_par' dir='ltr' id='par_1_9' title="bbox 113 1197 628 1237">
     <span class='ocr_line' id='line_1_19' title="bbox 113 1197 628 1237; baseline 0 -10"><span class='ocrx_word' id='word_1_146' title='bbox 113 1197 195 1229; x_wconf 87' lang='lat' dir='ltr'>dum</span> <span class='ocrx_word' id='word_1_147' title='bbox 221 1202 391 1235; x_wconf 73' lang='lat' dir='ltr'>censeret.v</span> <span class='ocrx_word' id='word_1_148' title='bbox 416 1197 508 1237; x_wconf 82' lang='lat' dir='ltr'>quod</span> <span class='ocrx_word' id='word_1_149' title='bbox 537 1203 628 1229; x_wconf 77' lang='lat' dir='ltr'>certe</span> 
     </span>
    </p>
   </div>
   <div class='ocr_carea' id='block_1_10' title="bbox 112 1330 759 2792">
    <p class='ocr_par' dir='ltr' id='par_1_10' title="bbox 115 1330 755 1464">
     <span class='ocr_line' id='line_1_20' title="bbox 115 1330 755 1373; baseline 0 -9"><span class='ocrx_word' id='word_1_150' title='bbox 115 1331 338 1373; x_wconf 74' lang='lat' dir='ltr'>Phrynichum</span> <span class='ocrx_word' id='word_1_151' title='bbox 358 1332 453 1373; x_wconf 78' lang='lat' dir='ltr'>p.57.</span> <span class='ocrx_word' id='word_1_152' title='bbox 471 1330 755 1372; x_wconf 65' lang='lat' dir='ltr'>Dee&#39;pofiowcum</span> 
     </span>
     <span class='ocr_line' id='line_1_21' title="bbox 115 1378 756 1419; baseline 0.002 -9"><span class='ocrx_word' id='word_1_153' title='bbox 115 1378 240 1419; x_wconf 73' lang='lat' dir='ltr'>duplici</span> <span class='ocrx_word' id='word_1_154' title='bbox 273 1379 467 1410; x_wconf 81' lang='lat' dir='ltr'>accusativo</span> <span class='ocrx_word' id='word_1_155' title='bbox 499 1383 698 1411; x_wconf 73' lang='lat' dir='ltr'>constructo</span> <span class='ocrx_word' id='word_1_156' title='bbox 726 1389 756 1410; x_wconf 76' lang='lat' dir='ltr'>v.</span> 
     </span>
     <span class='ocr_line' id='line_1_22' title="bbox 114 1423 685 1477; baseline -0.004 -20.967"><span class='ocrx_word' id='word_1_157' title='bbox 114 1423 156 1456; x_wconf 75' lang='lat' dir='ltr'>‘id</span> <span class='ocrx_word' id='word_1_158' title='bbox 185 1424 331 1477; x_wconf 77' lang='lat' dir='ltr'>Apoiog.</span> <span class='ocrx_word' id='word_1_159' title='bbox 358 1433 386 1457; x_wconf 81' lang='lat' dir='ltr'>c.</span> <span class='ocrx_word' id='word_1_160' title='bbox 414 1423 477 1455; x_wconf 89' lang='lat' dir='ltr'>1x.</span> <span class='ocrx_word' id='word_1_161' title='bbox 504 1433 524 1464; x_wconf 86' lang='lat' dir='ltr'>p</span> <span class='ocrx_word' id='word_1_162' title='bbox 564 1423 618 1457; x_wconf 75' lang='grc'>23</span> <span class='ocrx_word' id='word_1_163' title='bbox 649 1429 685 1457; x_wconf 61' lang='grc' dir='ltr'>Α</span> 
     </span>
    </p>

    <p class='ocr_par' dir='ltr' id='par_1_11' title="bbox 112 1464 759 2105">
     <span class='ocr_line' id='line_1_23' title="bbox 161 1464 757 1510; baseline 0.002 -11"><span class='ocrx_word' id='word_1_164' title='bbox 161 1479 242 1500; x_wconf 84' lang='grc' dir='ltr'>ουκ</span> <span class='ocrx_word' id='word_1_165' title='bbox 269 1464 417 1510; x_wconf 75' lang='grc' dir='ltr'><em>ὀρθῶς</em></span> <span class='ocrx_word' id='word_1_166' title='bbox 442 1468 635 1510; x_wconf 68' lang='grc' dir='ltr'>είέηγεῖ]</span> <span class='ocrx_word' id='word_1_167' title='bbox 663 1469 757 1502; x_wconf 74' lang='lat' dir='ltr'>Ecs-</span> 
     </span>
     <span class='ocr_line' id='line_1_24' title="bbox 115 1513 758 1557; baseline 0.005 -12"><span class='ocrx_word' id='word_1_168' title='bbox 115 1513 324 1557; x_wconf 72' lang='grc' dir='ltr'><em>ηγεῖσθαι</em></span> <span class='ocrx_word' id='word_1_169' title='bbox 349 1515 505 1547; x_wconf 84' lang='lat' dir='ltr'>dicuntur</span> <span class='ocrx_word' id='word_1_170' title='bbox 531 1516 569 1555; x_wconf 88' lang='lat' dir='ltr'>ii,</span> <span class='ocrx_word' id='word_1_171' title='bbox 602 1518 675 1556; x_wconf 81' lang='lat' dir='ltr'>qui</span> <span class='ocrx_word' id='word_1_172' title='bbox 704 1519 758 1548; x_wconf 75' lang='lat' dir='ltr'>ie-</span> 
     </span>
     <span class='ocr_line' id='line_1_25' title="bbox 112 1560 759 1602; baseline -0.002 -9"><span class='ocrx_word' id='word_1_173' title='bbox 112 1571 204 1602; x_wconf 78' lang='lat' dir='ltr'>gem</span> <span class='ocrx_word' id='word_1_174' title='bbox 235 1561 302 1592; x_wconf 79' lang='lat' dir='ltr'>vel</span> <span class='ocrx_word' id='word_1_175' title='bbox 339 1560 645 1593; x_wconf 88' lang='lat' dir='ltr'>conditionem</span> <span class='ocrx_word' id='word_1_176' title='bbox 683 1562 759 1593; x_wconf 85' lang='lat' dir='ltr'>aii-</span> 
     </span>
     <span class='ocr_line' id='line_1_26' title="bbox 113 1606 756 1648; baseline -0.002 -10"><span class='ocrx_word' id='word_1_177' title='bbox 113 1617 241 1648; x_wconf 84' lang='lat' dir='ltr'>quam</span> <span class='ocrx_word' id='word_1_178' title='bbox 280 1606 428 1638; x_wconf 86' lang='lat' dir='ltr'>feruut</span> <span class='ocrx_word' id='word_1_179' title='bbox 468 1610 512 1637; x_wconf 84' lang='lat' dir='ltr'>et</span> <span class='ocrx_word' id='word_1_180' title='bbox 552 1606 756 1639; x_wconf 82' lang='lat' dir='ltr'>suadent:</span> 
     </span>
     <span class='ocr_line' id='line_1_27' title="bbox 114 1652 757 1693; baseline 0.003 -11"><span class='ocrx_word' id='word_1_181' title='bbox 114 1652 277 1684; x_wconf 87' lang='lat' dir='ltr'>deinde</span> <span class='ocrx_word' id='word_1_182' title='bbox 311 1653 380 1693; x_wconf 90' lang='lat' dir='ltr'>qui</span> <span class='ocrx_word' id='word_1_183' title='bbox 414 1656 625 1684; x_wconf 84' lang='lat' dir='ltr'>auctores</span> <span class='ocrx_word' id='word_1_184' title='bbox 658 1657 757 1684; x_wconf 87' lang='lat' dir='ltr'>sunt</span> 
     </span>
     <span class='ocr_line' id='line_1_28' title="bbox 113 1697 758 1739; baseline 0 -9"><span class='ocrx_word' id='word_1_185' title='bbox 113 1698 302 1730; x_wconf 77' lang='lat' dir='ltr'>alicuius</span> <span class='ocrx_word' id='word_1_186' title='bbox 327 1697 410 1736; x_wconf 80' lang='lat' dir='ltr'>rei,</span> <span class='ocrx_word' id='word_1_187' title='bbox 436 1697 505 1738; x_wconf 85' lang='lat' dir='ltr'>qui</span> <span class='ocrx_word' id='word_1_188' title='bbox 535 1697 633 1739; x_wconf 91' lang='lat' dir='ltr'>quid</span> <span class='ocrx_word' id='word_1_189' title='bbox 663 1709 758 1730; x_wconf 84' lang='lat' dir='ltr'>sua-</span> 
     </span>
     <span class='ocr_line' id='line_1_29' title="bbox 114 1743 757 1785; baseline 0 -10"><span class='ocrx_word' id='word_1_190' title='bbox 114 1744 241 1784; x_wconf 84' lang='lat' dir='ltr'>dent3</span> <span class='ocrx_word' id='word_1_191' title='bbox 271 1752 335 1785; x_wconf 85' lang='lat' dir='ltr'>qua</span> <span class='ocrx_word' id='word_1_192' title='bbox 362 1743 392 1774; x_wconf 75' lang='lat' dir='ltr'>vi</span> <span class='ocrx_word' id='word_1_193' title='bbox 421 1747 455 1775; x_wconf 85' lang='lat' dir='ltr'>et</span> <span class='ocrx_word' id='word_1_194' title='bbox 481 1746 656 1784; x_wconf 73' lang='lat' dir='ltr'>potestate</span> <span class='ocrx_word' id='word_1_195' title='bbox 682 1754 757 1776; x_wconf 90' lang='lat' dir='ltr'>ver-</span> 
     </span>
     <span class='ocr_line' id='line_1_30' title="bbox 113 1788 756 1831; baseline -0.002 -9"><span class='ocrx_word' id='word_1_196' title='bbox 113 1790 194 1822; x_wconf 88' lang='lat' dir='ltr'>bum</span> <span class='ocrx_word' id='word_1_197' title='bbox 231 1790 450 1830; x_wconf 76' lang='lat' dir='ltr'>frequentant</span> <span class='ocrx_word' id='word_1_198' title='bbox 484 1788 585 1820; x_wconf 86' lang='lat' dir='ltr'>etiam</span> <span class='ocrx_word' id='word_1_199' title='bbox 620 1789 756 1831; x_wconf 84' lang='lat' dir='ltr'>Thucy-</span> 
     </span>
     <span class='ocr_line' id='line_1_31' title="bbox 114 1833 756 1875; baseline -0.002 -8"><span class='ocrx_word' id='word_1_200' title='bbox 114 1835 224 1875; x_wconf 87' lang='lat' dir='ltr'>dides,</span> <span class='ocrx_word' id='word_1_201' title='bbox 248 1833 463 1875; x_wconf 81' lang='lat' dir='ltr'>Xenophon,</span> <span class='ocrx_word' id='word_1_202' title='bbox 490 1834 756 1875; x_wconf 79' lang='lat' dir='ltr'>Demosthenes,</span> 
     </span>
     <span class='ocr_line' id='line_1_32' title="bbox 114 1879 756 1921; baseline 0 -9"><span class='ocrx_word' id='word_1_203' title='bbox 114 1881 301 1921; x_wconf 71' lang='lat' dir='ltr'>isocrates,</span> <span class='ocrx_word' id='word_1_204' title='bbox 314 1879 500 1919; x_wconf 86' lang='lat' dir='ltr'>Lucianus,</span> <span class='ocrx_word' id='word_1_205' title='bbox 518 1881 595 1918; x_wconf 78' lang='lat' dir='ltr'>alii;</span> <span class='ocrx_word' id='word_1_206' title='bbox 614 1891 756 1921; x_wconf 78' lang='lat' dir='ltr'>usurpa-</span> 
     </span>
     <span class='ocr_line' id='line_1_33' title="bbox 113 1924 758 1969; baseline 0 -11"><span class='ocrx_word' id='word_1_207' title='bbox 113 1927 160 1958; x_wconf 79' lang='lat' dir='ltr'>vit</span> <span class='ocrx_word' id='word_1_208' title='bbox 189 1926 339 1958; x_wconf 80' lang='lat' dir='ltr'>fortasse</span> <span class='ocrx_word' id='word_1_209' title='bbox 370 1927 474 1958; x_wconf 83' lang='lat' dir='ltr'>etiam</span> <span class='ocrx_word' id='word_1_210' title='bbox 508 1924 634 1969; x_wconf 88' lang='lat' dir='ltr'>Soph.</span> <span class='ocrx_word' id='word_1_211' title='bbox 670 1926 758 1958; x_wconf 89' lang='lat' dir='ltr'>Oed.</span> 
     </span>
     <span class='ocr_line' id='line_1_34' title="bbox 114 1970 756 2014; baseline 0.002 -11"><span class='ocrx_word' id='word_1_212' title='bbox 114 1972 189 2006; x_wconf 84' lang='lat' dir='ltr'>Col.</span> <span class='ocrx_word' id='word_1_213' title='bbox 229 1982 260 2004; x_wconf 77' lang='lat' dir='ltr'>v.</span> <span class='ocrx_word' id='word_1_214' title='bbox 306 1970 414 2011; x_wconf 80' lang='lat'>1284,</span> <span class='ocrx_word' id='word_1_215' title='bbox 455 1971 511 2003; x_wconf 93' lang='lat' dir='ltr'>ubi</span> <span class='ocrx_word' id='word_1_216' title='bbox 554 1973 756 2014; x_wconf 82' lang='lat' dir='ltr'>legendum:</span> 
     </span>
     <span class='ocr_line' id='line_1_35' title="bbox 115 2014 757 2060; baseline 0.003 -11"><span class='ocrx_word' id='word_1_217' title='bbox 115 2018 224 2050; x_wconf 75' lang='grc' dir='ltr'><em>καλῶς</em></span> <span class='ocrx_word' id='word_1_218' title='bbox 257 2014 324 2059; x_wconf 75' lang='grc' dir='ltr'>γάρ</span> <span class='ocrx_word' id='word_1_219' title='bbox 357 2016 507 2059; x_wconf 72' lang='grc' dir='ltr'><em>είςηγεῑ</em></span> <span class='ocrx_word' id='word_1_220' title='bbox 534 2015 577 2048; x_wconf 82' lang='grc' dir='ltr'>σύ</span> <span class='ocrx_word' id='word_1_221' title='bbox 609 2029 667 2057; x_wconf 86' lang='grc' dir='ltr'>μοι</span> <span class='ocrx_word' id='word_1_222' title='bbox 695 2029 757 2060; x_wconf 90' lang='lat' dir='ltr'>pro</span> 
     </span>
     <span class='ocr_line' id='line_1_36' title="bbox 113 2062 376 2105; baseline -0.008 -9"><span class='ocrx_word' id='word_1_223' title='bbox 113 2065 205 2105; x_wconf 67' lang='lat' dir='ltr'>vulg.</span> <span class='ocrx_word' id='word_1_224' title='bbox 232 2062 376 2105; x_wconf 77' lang='grc' dir='ltr'><em>εξηγέῐ.</em></span> 
     </span>
    </p>

    <p class='ocr_par' dir='ltr' id='par_1_12' title="bbox 113 2106 759 2792">
     <span class='ocr_line' id='line_1_37' title="bbox 158 2106 756 2152; baseline -0.003 -10"><span class='ocrx_word' id='word_1_225' title='bbox 158 2110 200 2144; x_wconf 87' lang='grc' dir='ltr'>Β.</span> <span class='ocrx_word' id='word_1_226' title='bbox 249 2109 371 2152; x_wconf 72' lang='grc' dir='ltr'><em>Δῆλα</em></span> <span class='ocrx_word' id='word_1_227' title='bbox 403 2106 452 2151; x_wconf 81' lang='grc' dir='ltr'>δὴ</span> <span class='ocrx_word' id='word_1_228' title='bbox 492 2109 562 2140; x_wconf 82' lang='grc' dir='ltr'>καὶ</span> <span class='ocrx_word' id='word_1_229' title='bbox 603 2109 756 2141; x_wconf 83' lang='grc' dir='ltr'><em>ταῦτα·</em></span> 
     </span>
     <span class='ocr_line' id='line_1_38' title="bbox 115 2149 759 2197; baseline 0.002 -11"><span class='ocrx_word' id='word_1_230' title='bbox 115 2166 220 2197; x_wconf 87' lang='grc' dir='ltr'><em>φαιη</em></span> <span class='ocrx_word' id='word_1_231' title='bbox 253 2153 330 2197; x_wconf 78' lang='grc' dir='ltr'>γὰρ</span> <span class='ocrx_word' id='word_1_232' title='bbox 362 2153 425 2193; x_wconf 78' lang='grc' dir='ltr'>ἄν,</span> <span class='ocrx_word' id='word_1_233' title='bbox 460 2149 486 2186; x_wconf 83' lang='grc' dir='ltr'><em>ὦ</em></span> <span class='ocrx_word' id='word_1_234' title='bbox 515 2155 578 2197; x_wconf 84' lang='grc' dir='ltr'>Σ.]</span> <span class='ocrx_word' id='word_1_235' title='bbox 629 2155 668 2187; x_wconf 88' lang='lat' dir='ltr'>In</span> <span class='ocrx_word' id='word_1_236' title='bbox 695 2155 759 2187; x_wconf 90' lang='lat' dir='ltr'>hoc</span> 
     </span>
     <span class='ocr_line' id='line_1_39' title="bbox 115 2202 758 2234; baseline 0.002 -2"><span class='ocrx_word' id='word_1_237' title='bbox 115 2203 191 2233; x_wconf 76' lang='lat' dir='ltr'>loco</span> <span class='ocrx_word' id='word_1_238' title='bbox 217 2202 355 2233; x_wconf 85' lang='lat' dir='ltr'>mirifice</span> <span class='ocrx_word' id='word_1_239' title='bbox 370 2202 505 2233; x_wconf 79' lang='lat' dir='ltr'>variant</span> <span class='ocrx_word' id='word_1_240' title='bbox 521 2202 661 2233; x_wconf 84' lang='lat' dir='ltr'>codices</span> <span class='ocrx_word' id='word_1_241' title='bbox 687 2211 758 2234; x_wconf 86' lang='lat' dir='ltr'>ma-</span> 
     </span>
     <span class='ocr_line' id='line_1_40' title="bbox 114 2247 756 2288; baseline 0 -10"><span class='ocrx_word' id='word_1_242' title='bbox 114 2248 288 2288; x_wconf 85' lang='lat' dir='ltr'>nuscripti.</span> <span class='ocrx_word' id='word_1_243' title='bbox 327 2247 509 2279; x_wconf 81' lang='lat' dir='ltr'>Dubitntur</span> <span class='ocrx_word' id='word_1_244' title='bbox 541 2251 655 2279; x_wconf 79' lang='lat' dir='ltr'>autem</span> <span class='ocrx_word' id='word_1_245' title='bbox 685 2257 756 2278; x_wconf 86' lang='lat' dir='ltr'>ma·</span> 
     </span>
     <span class='ocr_line' id='line_1_41' title="bbox 113 2290 758 2335; baseline -0.002 -11"><span class='ocrx_word' id='word_1_246' title='bbox 113 2302 288 2334; x_wconf 83' lang='lat' dir='ltr'>gnopere,</span> <span class='ocrx_word' id='word_1_247' title='bbox 323 2297 433 2324; x_wconf 89' lang='lat' dir='ltr'>utrum</span> <span class='ocrx_word' id='word_1_248' title='bbox 472 2293 578 2324; x_wconf 78' lang='lat' dir='ltr'>verba</span> <span class='ocrx_word' id='word_1_249' title='bbox 609 2291 692 2334; x_wconf 73' lang='grc' dir='ltr'><em>δῆλα</em></span> <span class='ocrx_word' id='word_1_250' title='bbox 717 2290 758 2335; x_wconf 80' lang='grc' dir='ltr'>δὴ</span> 
     </span>
     <span class='ocr_line' id='line_1_42' title="bbox 115 2337 756 2370; baseline 0.002 -1"><span class='ocrx_word' id='word_1_251' title='bbox 115 2338 218 2370; x_wconf 73' lang='grc' dir='ltr'><em>ταῦτα</em></span> <span class='ocrx_word' id='word_1_252' title='bbox 251 2338 416 2370; x_wconf 86' lang='lat' dir='ltr'>trahenda</span> <span class='ocrx_word' id='word_1_253' title='bbox 458 2337 524 2370; x_wconf 88' lang='lat' dir='ltr'>sint</span> <span class='ocrx_word' id='word_1_254' title='bbox 556 2338 598 2369; x_wconf 81' lang='lat' dir='ltr'>ad</span> <span class='ocrx_word' id='word_1_255' title='bbox 629 2339 756 2370; x_wconf 83' lang='lat' dir='ltr'>oratio-</span> 
     </span>
     <span class='ocr_line' id='line_1_43' title="bbox 114 2384 756 2421; baseline 0 -5"><span class='ocrx_word' id='word_1_256' title='bbox 114 2394 190 2416; x_wconf 90' lang='lat' dir='ltr'>nem</span> <span class='ocrx_word' id='word_1_257' title='bbox 218 2384 386 2421; x_wconf 79' lang='lat' dir='ltr'>Socratis,</span> <span class='ocrx_word' id='word_1_258' title='bbox 413 2392 453 2414; x_wconf 88' lang='lat' dir='ltr'>an</span> <span class='ocrx_word' id='word_1_259' title='bbox 471 2385 514 2415; x_wconf 85' lang='lat' dir='ltr'>ad</span> <span class='ocrx_word' id='word_1_260' title='bbox 532 2384 683 2416; x_wconf 89' lang='lat' dir='ltr'>Critonis</span> <span class='ocrx_word' id='word_1_261' title='bbox 703 2395 756 2416; x_wconf 90' lang='lat' dir='ltr'>re-</span> 
     </span>
     <span class='ocr_line' id='line_1_44' title="bbox 115 2429 755 2472; baseline 0.002 -11"><span class='ocrx_word' id='word_1_262' title='bbox 115 2433 351 2472; x_wconf 74' lang='lat' dir='ltr'>sponsionem.</span> <span class='ocrx_word' id='word_1_263' title='bbox 378 2429 472 2461; x_wconf 80' lang='lat' dir='ltr'>luam</span> <span class='ocrx_word' id='word_1_264' title='bbox 496 2431 662 2462; x_wconf 86' lang='lat' dir='ltr'>rationem</span> <span class='ocrx_word' id='word_1_265' title='bbox 680 2440 755 2462; x_wconf 88' lang='lat' dir='ltr'>cum</span> 
     </span>
     <span class='ocr_line' id='line_1_45' title="bbox 113 2475 756 2510; baseline -0.002 -2"><span class='ocrx_word' id='word_1_266' title='bbox 113 2476 195 2508; x_wconf 72' lang='grc' dir='ltr'>ΑΜ.</span> <span class='ocrx_word' id='word_1_267' title='bbox 231 2477 308 2510; x_wconf 75' lang='lat' dir='ltr'>nas.</span> <span class='ocrx_word' id='word_1_268' title='bbox 349 2475 374 2508; x_wconf 88' lang='lat'>1.</span> <span class='ocrx_word' id='word_1_269' title='bbox 421 2475 451 2508; x_wconf 84' lang='lat'>2.</span> <span class='ocrx_word' id='word_1_270' title='bbox 492 2476 600 2508; x_wconf 81' lang='lat' dir='ltr'>tenuit</span> <span class='ocrx_word' id='word_1_271' title='bbox 631 2475 756 2508; x_wconf 92' lang='lat' dir='ltr'>Butt-</span> 
     </span>
     <span class='ocr_line' id='line_1_46' title="bbox 114 2519 757 2562; baseline -0.002 -8"><span class='ocrx_word' id='word_1_272' title='bbox 114 2532 310 2562; x_wconf 84' lang='lat' dir='ltr'>mannus;</span> <span class='ocrx_word' id='word_1_273' title='bbox 371 2519 454 2553; x_wconf 82' lang='lat' dir='ltr'>hane</span> <span class='ocrx_word' id='word_1_274' title='bbox 511 2521 757 2553; x_wconf 75' lang='lat' dir='ltr'>Coi-narius</span> 
     </span>
     <span class='ocr_line' id='line_1_47' title="bbox 115 2565 756 2609; baseline 0 -10"><span class='ocrx_word' id='word_1_275' title='bbox 115 2572 218 2609; x_wconf 75' lang='lat' dir='ltr'>atque</span> <span class='ocrx_word' id='word_1_276' title='bbox 256 2565 509 2609; x_wconf 74' lang='lat' dir='ltr'>Stephanus</span> <span class='ocrx_word' id='word_1_277' title='bbox 558 2566 756 2608; x_wconf 77' lang='lat' dir='ltr'>probarunt,</span> 
     </span>
     <span class='ocr_line' id='line_1_48' title="bbox 115 2611 756 2667; baseline 0 -23"><span class='ocrx_word' id='word_1_278' title='bbox 115 2614 172 2654; x_wconf 83' lang='lat' dir='ltr'>qui</span> <span class='ocrx_word' id='word_1_279' title='bbox 200 2613 419 2646; x_wconf 86' lang='lat' dir='ltr'>scribendum</span> <span class='ocrx_word' id='word_1_280' title='bbox 444 2611 613 2645; x_wconf 78' lang='lat' dir='ltr'>iudicant:</span> <span class='ocrx_word' id='word_1_281' title='bbox 639 2612 756 2667; x_wconf 59' lang='lat' dir='ltr'>Aryka-</span> 
     </span>
     <span class='ocr_line' id='line_1_49' title="bbox 115 2653 756 2700; baseline 0 -10"><span class='ocrx_word' id='word_1_282' title='bbox 115 2656 158 2700; x_wconf 82' lang='grc' dir='ltr'>δὴ</span> <span class='ocrx_word' id='word_1_283' title='bbox 183 2660 238 2692; x_wconf 81' lang='grc' dir='ltr'>καὶ</span> <span class='ocrx_word' id='word_1_284' title='bbox 267 2659 371 2691; x_wconf 79' lang='grc' dir='ltr'><em>ταῦτα</em></span> <span class='ocrx_word' id='word_1_285' title='bbox 398 2668 482 2699; x_wconf 84' lang='grc' dir='ltr'><strong><em>φαιη</em></strong></span> <span class='ocrx_word' id='word_1_286' title='bbox 509 2654 538 2700; x_wconf 76' lang='grc' dir='ltr'>γ’</span> <span class='ocrx_word' id='word_1_287' title='bbox 566 2655 608 2690; x_wconf 84' lang='grc' dir='ltr'>ἅν</span> <span class='ocrx_word' id='word_1_288' title='bbox 633 2667 701 2699; x_wconf 74' lang='lat' dir='ltr'>tes,</span> <span class='ocrx_word' id='word_1_289' title='bbox 729 2653 756 2690; x_wconf 82' lang='grc' dir='ltr'><em>ὦ</em></span> 
     </span>
     <span class='ocr_line' id='line_1_50' title="bbox 116 2703 753 2745; baseline 0.002 -9"><span class='ocrx_word' id='word_1_290' title='bbox 116 2703 158 2736; x_wconf 87' lang='grc' dir='ltr'>Σ.</span> <span class='ocrx_word' id='word_1_291' title='bbox 207 2705 252 2738; x_wconf 80' lang='lat' dir='ltr'>Et</span> <span class='ocrx_word' id='word_1_292' title='bbox 282 2706 378 2738; x_wconf 81' lang='lat' dir='ltr'>iliam</span> <span class='ocrx_word' id='word_1_293' title='bbox 407 2703 546 2745; x_wconf 89' lang='lat' dir='ltr'>quidem</span> <span class='ocrx_word' id='word_1_294' title='bbox 585 2706 753 2737; x_wconf 73' lang='lat' dir='ltr'>rationem</span> 
     </span>
     <span class='ocr_line' id='line_1_51' title="bbox 115 2749 757 2792; baseline 0 -10"><span class='ocrx_word' id='word_1_295' title='bbox 115 2749 206 2791; x_wconf 80' lang='lat' dir='ltr'>quod</span> <span class='ocrx_word' id='word_1_296' title='bbox 233 2751 374 2791; x_wconf 75' lang='lat' dir='ltr'>attinet,</span> <span class='ocrx_word' id='word_1_297' title='bbox 399 2749 481 2781; x_wconf 80' lang='lat' dir='ltr'>ferri</span> <span class='ocrx_word' id='word_1_298' title='bbox 507 2759 547 2782; x_wconf 79' lang='lat' dir='ltr'>ea</span> <span class='ocrx_word' id='word_1_299' title='bbox 571 2753 757 2792; x_wconf 70' lang='lat' dir='ltr'>propterea</span> 
     </span>
    </p>
   </div>
   <div class='ocr_carea' id='block_1_11' title="bbox 660 1196 1339 1238">
    <p class='ocr_par' dir='ltr' id='par_1_13' title="bbox 660 1196 1339 1238">
     <span class='ocr_line' id='line_1_52' title="bbox 660 1196 1339 1238; baseline -0.001 -10"><span class='ocrx_word' id='word_1_300' title='bbox 660 1198 759 1238; x_wconf 81' lang='lat' dir='ltr'>louge</span> <span class='ocrx_word' id='word_1_301' title='bbox 787 1202 839 1228; x_wconf 80' lang='lat' dir='ltr'>est</span> <span class='ocrx_word' id='word_1_302' title='bbox 867 1198 1079 1229; x_wconf 67' lang='lat' dir='ltr'>verissimum</span> <span class='ocrx_word' id='word_1_303' title='bbox 1109 1207 1137 1229; x_wconf 79' lang='lat' dir='ltr'>v.</span> <span class='ocrx_word' id='word_1_304' title='bbox 1166 1196 1339 1238; x_wconf 61' lang='lat' dir='ltr'>expiicatt.</span> 
     </span>
    </p>
   </div>
   <div class='ocr_carea' id='block_1_12' title="bbox 833 1332 1484 2791">
    <p class='ocr_par' dir='ltr' id='par_1_14' title="bbox 833 1332 1484 2737">
     <span class='ocr_line' id='line_1_53' title="bbox 837 1332 1481 1374; baseline 0 -10"><span class='ocrx_word' id='word_1_305' title='bbox 837 1342 902 1364; x_wconf 88' lang='lat' dir='ltr'>uon</span> <span class='ocrx_word' id='word_1_306' title='bbox 931 1343 1035 1374; x_wconf 81' lang='lat' dir='ltr'>posse</span> <span class='ocrx_word' id='word_1_307' title='bbox 1063 1332 1212 1371; x_wconf 73' lang='lat' dir='ltr'>videtur,</span> <span class='ocrx_word' id='word_1_308' title='bbox 1242 1332 1334 1373; x_wconf 85' lang='lat' dir='ltr'>quod</span> <span class='ocrx_word' id='word_1_309' title='bbox 1361 1333 1481 1365; x_wconf 92' lang='lat' dir='ltr'>mirum</span> 
     </span>
     <span class='ocr_line' id='line_1_54' title="bbox 837 1377 1482 1420; baseline 0.002 -11"><span class='ocrx_word' id='word_1_310' title='bbox 837 1382 997 1419; x_wconf 86' lang='lat' dir='ltr'>quantum</span> <span class='ocrx_word' id='word_1_311' title='bbox 1027 1379 1198 1420; x_wconf 78' lang='lat' dir='ltr'>languoris</span> <span class='ocrx_word' id='word_1_312' title='bbox 1233 1377 1372 1410; x_wconf 75' lang='lat' dir='ltr'>haberet</span> <span class='ocrx_word' id='word_1_313' title='bbox 1404 1389 1482 1410; x_wconf 84' lang='lat' dir='ltr'>ora-</span> 
     </span>
     <span class='ocr_line' id='line_1_55' title="bbox 838 1423 1482 1466; baseline 0.002 -11"><span class='ocrx_word' id='word_1_314' title='bbox 838 1425 897 1463; x_wconf 86' lang='lat' dir='ltr'>tio,</span> <span class='ocrx_word' id='word_1_315' title='bbox 924 1425 950 1455; x_wconf 85' lang='lat' dir='ltr'>si</span> <span class='ocrx_word' id='word_1_316' title='bbox 979 1425 1121 1466; x_wconf 86' lang='lat' dir='ltr'>primum</span> <span class='ocrx_word' id='word_1_317' title='bbox 1143 1423 1307 1456; x_wconf 67' lang='lat' dir='ltr'>Socrates</span> <span class='ocrx_word' id='word_1_318' title='bbox 1329 1425 1482 1456; x_wconf 81' lang='lat' dir='ltr'>affirma-</span> 
     </span>
     <span class='ocr_line' id='line_1_56' title="bbox 837 1469 1482 1509; baseline 0.003 -9"><span class='ocrx_word' id='word_1_319' title='bbox 837 1476 889 1501; x_wconf 79' lang='lat' dir='ltr'>ret</span> <span class='ocrx_word' id='word_1_320' title='bbox 913 1480 983 1501; x_wconf 86' lang='lat' dir='ltr'>rem</span> <span class='ocrx_word' id='word_1_321' title='bbox 1006 1481 1082 1502; x_wconf 82' lang='lat' dir='ltr'>esse</span> <span class='ocrx_word' id='word_1_322' title='bbox 1105 1470 1339 1509; x_wconf 81' lang='lat' dir='ltr'>manit&#39;estam3</span> <span class='ocrx_word' id='word_1_323' title='bbox 1359 1469 1482 1502; x_wconf 87' lang='lat' dir='ltr'>deinde</span> 
     </span>
     <span class='ocr_line' id='line_1_57' title="bbox 839 1515 1482 1557; baseline 0.005 -12"><span class='ocrx_word' id='word_1_324' title='bbox 839 1516 935 1546; x_wconf 83' lang='lat' dir='ltr'>Crito</span> <span class='ocrx_word' id='word_1_325' title='bbox 957 1515 1046 1547; x_wconf 85' lang='lat' dir='ltr'>idem</span> <span class='ocrx_word' id='word_1_326' title='bbox 1068 1516 1284 1548; x_wconf 82' lang='lat' dir='ltr'>confirmaret</span> <span class='ocrx_word' id='word_1_327' title='bbox 1299 1527 1310 1553; x_wconf 89' lang='lat'>,·</span> <span class='ocrx_word' id='word_1_328' title='bbox 1336 1515 1482 1557; x_wconf 81' lang='lat' dir='ltr'>denique</span> 
     </span>
     <span class='ocr_line' id='line_1_58' title="bbox 838 1560 1480 1594; baseline 0.003 -2"><span class='ocrx_word' id='word_1_329' title='bbox 838 1560 1002 1592; x_wconf 78' lang='lat' dir='ltr'>Socrates</span> <span class='ocrx_word' id='word_1_330' title='bbox 1043 1562 1166 1593; x_wconf 87' lang='lat' dir='ltr'>iterum</span> <span class='ocrx_word' id='word_1_331' title='bbox 1207 1561 1291 1593; x_wconf 83' lang='lat' dir='ltr'>hanc</span> <span class='ocrx_word' id='word_1_332' title='bbox 1338 1561 1480 1594; x_wconf 83' lang='lat' dir='ltr'>eandem</span> 
     </span>
     <span class='ocr_line' id='line_1_59' title="bbox 840 1607 1483 1648; baseline 0.005 -11"><span class='ocrx_word' id='word_1_333' title='bbox 840 1607 1043 1639; x_wconf 77' lang='lat' dir='ltr'>sententiam</span> <span class='ocrx_word' id='word_1_334' title='bbox 1081 1607 1324 1648; x_wconf 80' lang='lat' dir='ltr'>comprobaret</span> <span class='ocrx_word' id='word_1_335' title='bbox 1351 1613 1384 1639; x_wconf 82' lang='lat' dir='ltr'>et</span> <span class='ocrx_word' id='word_1_336' title='bbox 1412 1609 1483 1640; x_wconf 78' lang='lat' dir='ltr'>lau—</span> 
     </span>
     <span class='ocr_line' id='line_1_60' title="bbox 839 1652 1483 1695; baseline 0.002 -11"><span class='ocrx_word' id='word_1_337' title='bbox 839 1652 947 1685; x_wconf 87' lang='lat' dir='ltr'>daret.</span> <span class='ocrx_word' id='word_1_338' title='bbox 983 1653 1064 1684; x_wconf 90' lang='lat' dir='ltr'>Cor</span> <span class='ocrx_word' id='word_1_339' title='bbox 1078 1653 1183 1684; x_wconf 83' lang='lat' dir='ltr'>narii</span> <span class='ocrx_word' id='word_1_340' title='bbox 1225 1657 1338 1685; x_wconf 84' lang='lat' dir='ltr'>autem</span> <span class='ocrx_word' id='word_1_341' title='bbox 1381 1658 1483 1695; x_wconf 78' lang='lat' dir='ltr'>:itque</span> 
     </span>
     <span class='ocr_line' id='line_1_61' title="bbox 839 1697 1482 1740; baseline 0.002 -10"><span class='ocrx_word' id='word_1_342' title='bbox 839 1697 1059 1739; x_wconf 81' lang='lat' dir='ltr'>Stephani</span> <span class='ocrx_word' id='word_1_343' title='bbox 1086 1699 1267 1730; x_wconf 76' lang='lat' dir='ltr'>lectionem</span> <span class='ocrx_word' id='word_1_344' title='bbox 1290 1708 1355 1731; x_wconf 88' lang='lat' dir='ltr'>non</span> <span class='ocrx_word' id='word_1_345' title='bbox 1374 1703 1482 1740; x_wconf 76' lang='lat' dir='ltr'>magis</span> 
     </span>
     <span class='ocr_line' id='line_1_62' title="bbox 838 1743 1482 1785; baseline 0.005 -11"><span class='ocrx_word' id='word_1_346' title='bbox 838 1743 1048 1785; x_wconf 78' lang='lat' dir='ltr'>probandam</span> <span class='ocrx_word' id='word_1_347' title='bbox 1068 1755 1264 1782; x_wconf 79' lang='lat' dir='ltr'>censemu8‚</span> <span class='ocrx_word' id='word_1_348' title='bbox 1292 1755 1394 1785; x_wconf 84' lang='lat' dir='ltr'>quum</span> <span class='ocrx_word' id='word_1_349' title='bbox 1422 1756 1482 1777; x_wconf 88' lang='lat' dir='ltr'>co-</span> 
     </span>
     <span class='ocr_line' id='line_1_63' title="bbox 837 1789 1481 1832; baseline 0.003 -11"><span class='ocrx_word' id='word_1_350' title='bbox 837 1789 929 1822; x_wconf 86' lang='lat' dir='ltr'>dices</span> <span class='ocrx_word' id='word_1_351' title='bbox 940 1800 1059 1821; x_wconf 86' lang='lat' dir='ltr'>omnes</span> <span class='ocrx_word' id='word_1_352' title='bbox 1069 1791 1268 1831; x_wconf 78' lang='lat' dir='ltr'>particulam</span> <span class='ocrx_word' id='word_1_353' title='bbox 1289 1789 1481 1832; x_wconf 64' lang='lat' dir='ltr'>ync&#39;ptuean-</span> 
     </span>
     <span class='ocr_line' id='line_1_64' title="bbox 837 1834 1480 1878; baseline 0.003 -12"><span class='ocrx_word' id='word_1_354' title='bbox 837 1839 892 1867; x_wconf 88' lang='lat' dir='ltr'>tur</span> <span class='ocrx_word' id='word_1_355' title='bbox 918 1839 952 1867; x_wconf 88' lang='lat' dir='ltr'>et</span> <span class='ocrx_word' id='word_1_356' title='bbox 977 1836 1070 1867; x_wconf 78' lang='lat' dir='ltr'>istud</span> <span class='ocrx_word' id='word_1_357' title='bbox 1098 1834 1226 1878; x_wconf 76' lang='grc' dir='ltr'><em>δηλαδή</em></span> <span class='ocrx_word' id='word_1_358' title='bbox 1251 1836 1292 1867; x_wconf 86' lang='lat' dir='ltr'>ab</span> <span class='ocrx_word' id='word_1_359' title='bbox 1319 1836 1480 1869; x_wconf 73' lang='lat' dir='ltr'>hocloco</span> 
     </span>
     <span class='ocr_line' id='line_1_65' title="bbox 838 1882 1480 1924; baseline 0.002 -11"><span class='ocrx_word' id='word_1_360' title='bbox 838 1882 985 1913; x_wconf 79' lang='lat' dir='ltr'>alienum</span> <span class='ocrx_word' id='word_1_361' title='bbox 1018 1882 1072 1913; x_wconf 88' lang='lat' dir='ltr'>sit.</span> <span class='ocrx_word' id='word_1_362' title='bbox 1098 1883 1270 1915; x_wconf 74' lang='lat' dir='ltr'>Quocirca</span> <span class='ocrx_word' id='word_1_363' title='bbox 1290 1883 1480 1924; x_wconf 81' lang='lat' dir='ltr'>recepimus</span> 
     </span>
     <span class='ocr_line' id='line_1_66' title="bbox 839 1927 1484 1960; baseline 0.002 -1"><span class='ocrx_word' id='word_1_364' title='bbox 839 1927 1021 1959; x_wconf 74' lang='lat' dir='ltr'>lectionem</span> <span class='ocrx_word' id='word_1_365' title='bbox 1051 1927 1093 1958; x_wconf 90' lang='lat' dir='ltr'>ab</span> <span class='ocrx_word' id='word_1_366' title='bbox 1120 1928 1400 1960; x_wconf 72' lang='lat' dir='ltr'>1n1.ssekker0</span> <span class='ocrx_word' id='word_1_367' title='bbox 1429 1939 1484 1960; x_wconf 89' lang='lat' dir='ltr'>re-</span> 
     </span>
     <span class='ocr_line' id='line_1_67' title="bbox 840 1974 1484 2014; baseline 0.005 -10"><span class='ocrx_word' id='word_1_368' title='bbox 840 1974 1017 2012; x_wconf 81' lang='lat' dir='ltr'>stitutam,</span> <span class='ocrx_word' id='word_1_369' title='bbox 1052 1983 1117 2014; x_wconf 88' lang='lat' dir='ltr'>qua</span> <span class='ocrx_word' id='word_1_370' title='bbox 1151 1984 1272 2006; x_wconf 82' lang='lat' dir='ltr'>omnes</span> <span class='ocrx_word' id='word_1_371' title='bbox 1307 1975 1369 2005; x_wconf 78' lang='lat' dir='ltr'>loci</span> <span class='ocrx_word' id='word_1_372' title='bbox 1395 1974 1484 2007; x_wconf 83' lang='lat' dir='ltr'>diffi-</span> 
     </span>
     <span class='ocr_line' id='line_1_68' title="bbox 839 2019 1483 2060; baseline 0.005 -10"><span class='ocrx_word' id='word_1_373' title='bbox 839 2020 985 2050; x_wconf 75' lang='lat' dir='ltr'>cultates</span> <span class='ocrx_word' id='word_1_374' title='bbox 996 2019 1177 2051; x_wconf 77' lang='lat' dir='ltr'>tolnmtur.</span> <span class='ocrx_word' id='word_1_375' title='bbox 1200 2023 1381 2060; x_wconf 77' lang='lat' dir='ltr'>Postquam</span> <span class='ocrx_word' id='word_1_376' title='bbox 1396 2022 1483 2053; x_wconf 86' lang='lat' dir='ltr'>enim</span> 
     </span>
     <span class='ocr_line' id='line_1_69' title="bbox 838 2064 1483 2106; baseline 0.003 -10"><span class='ocrx_word' id='word_1_377' title='bbox 838 2064 1004 2097; x_wconf 82' lang='lat' dir='ltr'>Socrates</span> <span class='ocrx_word' id='word_1_378' title='bbox 1047 2064 1130 2096; x_wconf 83' lang='lat' dir='ltr'>dixit</span> <span class='ocrx_word' id='word_1_379' title='bbox 1171 2066 1243 2097; x_wconf 66' lang='lat' dir='ltr'>fieri</span> <span class='ocrx_word' id='word_1_380' title='bbox 1276 2076 1397 2106; x_wconf 84' lang='lat' dir='ltr'>posse,</span> <span class='ocrx_word' id='word_1_381' title='bbox 1445 2070 1483 2098; x_wconf 88' lang='lat' dir='ltr'>ut</span> 
     </span>
     <span class='ocr_line' id='line_1_70' title="bbox 837 2110 1480 2153; baseline 0.002 -11"><span class='ocrx_word' id='word_1_382' title='bbox 837 2111 912 2152; x_wconf 87' lang='lat' dir='ltr'>quis</span> <span class='ocrx_word' id='word_1_383' title='bbox 945 2110 1007 2151; x_wconf 83' lang='lat' dir='ltr'>ipsi</span> <span class='ocrx_word' id='word_1_384' title='bbox 1043 2111 1183 2142; x_wconf 86' lang='lat' dir='ltr'>obiiciat</span> <span class='ocrx_word' id='word_1_385' title='bbox 1223 2111 1311 2152; x_wconf 81' lang='lat' dir='ltr'>vulgi</span> <span class='ocrx_word' id='word_1_386' title='bbox 1345 2112 1480 2153; x_wconf 85' lang='lat' dir='ltr'>opinio-</span> 
     </span>
     <span class='ocr_line' id='line_1_71' title="bbox 838 2155 1479 2198; baseline 0.003 -10"><span class='ocrx_word' id='word_1_387' title='bbox 838 2166 915 2188; x_wconf 87' lang='lat' dir='ltr'>nem</span> <span class='ocrx_word' id='word_1_388' title='bbox 955 2166 1033 2188; x_wconf 78' lang='lat' dir='ltr'>esse</span> <span class='ocrx_word' id='word_1_389' title='bbox 1081 2155 1348 2198; x_wconf 74' lang='lat' dir='ltr'>respiciendam,</span> <span class='ocrx_word' id='word_1_390' title='bbox 1398 2158 1479 2197; x_wconf 80' lang='lat' dir='ltr'>quia</span> 
     </span>
     <span class='ocr_line' id='line_1_72' title="bbox 838 2202 1478 2244; baseline 0.005 -12"><span class='ocrx_word' id='word_1_391' title='bbox 838 2206 931 2233; x_wconf 87' lang='lat' dir='ltr'>tanta</span> <span class='ocrx_word' id='word_1_392' title='bbox 958 2203 1001 2233; x_wconf 86' lang='lat' dir='ltr'>sit</span> <span class='ocrx_word' id='word_1_393' title='bbox 1023 2202 1111 2232; x_wconf 81' lang='lat' dir='ltr'>iuius</span> <span class='ocrx_word' id='word_1_394' title='bbox 1127 2202 1292 2243; x_wconf 85' lang='lat' dir='ltr'>potentia,</span> <span class='ocrx_word' id='word_1_395' title='bbox 1318 2207 1354 2233; x_wconf 85' lang='lat' dir='ltr'>ut</span> <span class='ocrx_word' id='word_1_396' title='bbox 1370 2203 1478 2244; x_wconf 88' lang='lat' dir='ltr'>ipsam</span> 
     </span>
     <span class='ocr_line' id='line_1_73' title="bbox 838 2247 1479 2292; baseline 0.002 -13"><span class='ocrx_word' id='word_1_397' title='bbox 838 2249 941 2279; x_wconf 82' lang='lat' dir='ltr'>vitam</span> <span class='ocrx_word' id='word_1_398' title='bbox 982 2247 1113 2285; x_wconf 78' lang='lat' dir='ltr'>eripere</span> <span class='ocrx_word' id='word_1_399' title='bbox 1146 2248 1256 2289; x_wconf 86' lang='lat' dir='ltr'>possit</span> <span class='ocrx_word' id='word_1_400' title='bbox 1289 2248 1341 2279; x_wconf 87' lang='lat' dir='ltr'>cui</span> <span class='ocrx_word' id='word_1_401' title='bbox 1378 2249 1479 2292; x_wconf 72' lang='lat' dir='ltr'>velit3</span> 
     </span>
     <span class='ocr_line' id='line_1_74' title="bbox 839 2292 1479 2336; baseline 0.003 -12"><span class='ocrx_word' id='word_1_402' title='bbox 839 2292 924 2324; x_wconf 83' lang='lat' dir='ltr'>hanc.</span> <span class='ocrx_word' id='word_1_403' title='bbox 938 2294 1142 2325; x_wconf 83' lang='lat' dir='ltr'>sententiam</span> <span class='ocrx_word' id='word_1_404' title='bbox 1163 2292 1285 2334; x_wconf 88' lang='lat' dir='ltr'>cupide</span> <span class='ocrx_word' id='word_1_405' title='bbox 1311 2295 1479 2336; x_wconf 86' lang='lat' dir='ltr'>arripiens</span> 
     </span>
     <span class='ocr_line' id='line_1_75' title="bbox 839 2338 1479 2380; baseline 0.003 -10"><span class='ocrx_word' id='word_1_406' title='bbox 839 2339 933 2370; x_wconf 89' lang='lat' dir='ltr'>Crito</span> <span class='ocrx_word' id='word_1_407' title='bbox 960 2338 1148 2380; x_wconf 83' lang='lat' dir='ltr'>respondet</span> <span class='ocrx_word' id='word_1_408' title='bbox 1181 2340 1282 2370; x_wconf 88' lang='lat' dir='ltr'>etiam</span> <span class='ocrx_word' id='word_1_409' title='bbox 1311 2338 1374 2371; x_wconf 94' lang='lat' dir='ltr'>hoc</span> <span class='ocrx_word' id='word_1_410' title='bbox 1400 2350 1479 2372; x_wconf 82' lang='lat' dir='ltr'>esse</span> 
     </span>
     <span class='ocr_line' id='line_1_76' title="bbox 839 2383 1479 2427; baseline 0.003 -12"><span class='ocrx_word' id='word_1_411' title='bbox 839 2383 1076 2424; x_wconf 82' lang='lat' dir='ltr'>manifestum3</span> <span class='ocrx_word' id='word_1_412' title='bbox 1117 2385 1187 2416; x_wconf 84' lang='lat' dir='ltr'>fieri</span> <span class='ocrx_word' id='word_1_413' title='bbox 1234 2385 1320 2417; x_wconf 91' lang='lat' dir='ltr'>enim</span> <span class='ocrx_word' id='word_1_414' title='bbox 1363 2385 1479 2427; x_wconf 88' lang='lat' dir='ltr'>utique</span> 
     </span>
     <span class='ocr_line' id='line_1_77' title="bbox 838 2429 1476 2473; baseline 0.003 -13"><span class='ocrx_word' id='word_1_415' title='bbox 838 2440 959 2472; x_wconf 85' lang='lat' dir='ltr'>posse,</span> <span class='ocrx_word' id='word_1_416' title='bbox 992 2435 1026 2461; x_wconf 85' lang='lat' dir='ltr'>ut</span> <span class='ocrx_word' id='word_1_417' title='bbox 1058 2430 1133 2472; x_wconf 85' lang='lat' dir='ltr'>quis</span> <span class='ocrx_word' id='word_1_418' title='bbox 1169 2430 1197 2462; x_wconf 86' lang='lat' dir='ltr'>ei</span> <span class='ocrx_word' id='word_1_419' title='bbox 1224 2429 1288 2462; x_wconf 89' lang='lat' dir='ltr'>hoc</span> <span class='ocrx_word' id='word_1_420' title='bbox 1313 2436 1476 2473; x_wconf 87' lang='lat' dir='ltr'>opponat</span> 
     </span>
     <span class='ocr_line' id='line_1_78' title="bbox 837 2475 1478 2530; baseline 0.003 -23"><span class='ocrx_word' id='word_1_421' title='bbox 837 2476 917 2508; x_wconf 81' lang='lat' dir='ltr'>Quo</span> <span class='ocrx_word' id='word_1_422' title='bbox 958 2475 1049 2508; x_wconf 84' lang='lat' dir='ltr'>facto</span> <span class='ocrx_word' id='word_1_423' title='bbox 1089 2475 1252 2508; x_wconf 82' lang='lat' dir='ltr'>Socrates</span> <span class='ocrx_word' id='word_1_424' title='bbox 1289 2476 1478 2530; x_wconf 77' lang='lat' dir='ltr'>respondet</span> 
     </span>
     <span class='ocr_line' id='line_1_79' title="bbox 833 2517 1477 2563; baseline 0.003 -11.009"><span class='ocrx_word' id='word_1_425' title='bbox 833 2517 962 2563; x_wconf 75' lang='grc' dir='ltr'><em>Ἀληθῆ</em></span> <span class='ocrx_word' id='word_1_426' title='bbox 984 2521 1102 2563; x_wconf 74' lang='grc' dir='ltr'><em>λέγεις,</em></span> <span class='ocrx_word' id='word_1_427' title='bbox 1127 2520 1190 2553; x_wconf 89' lang='lat' dir='ltr'>hoc</span> <span class='ocrx_word' id='word_1_428' title='bbox 1208 2524 1273 2560; x_wconf 84' lang='lat' dir='ltr'>est,</span> <span class='ocrx_word' id='word_1_429' title='bbox 1298 2523 1477 2554; x_wconf 85' lang='lat' dir='ltr'>verissime</span> 
     </span>
     <span class='ocr_line' id='line_1_80' title="bbox 836 2566 1475 2607; baseline 0.002 -8"><span class='ocrx_word' id='word_1_430' title='bbox 836 2568 887 2599; x_wconf 85' lang='lat' dir='ltr'>ais</span> <span class='ocrx_word' id='word_1_431' title='bbox 919 2567 983 2599; x_wconf 92' lang='lat' dir='ltr'>hoc</span> <span class='ocrx_word' id='word_1_432' title='bbox 1009 2578 1086 2599; x_wconf 86' lang='lat' dir='ltr'>esse</span> <span class='ocrx_word' id='word_1_433' title='bbox 1112 2566 1348 2607; x_wconf 79' lang='lat' dir='ltr'>manifestum3</span> <span class='ocrx_word' id='word_1_434' title='bbox 1378 2568 1475 2600; x_wconf 88' lang='lat' dir='ltr'>dein·</span> 
     </span>
     <span class='ocr_line' id='line_1_81' title="bbox 835 2612 1477 2654; baseline 0.003 -10"><span class='ocrx_word' id='word_1_435' title='bbox 835 2623 915 2654; x_wconf 91' lang='lat' dir='ltr'>ceps</span> <span class='ocrx_word' id='word_1_436' title='bbox 931 2617 1045 2645; x_wconf 88' lang='lat' dir='ltr'>autem</span> <span class='ocrx_word' id='word_1_437' title='bbox 1067 2613 1195 2645; x_wconf 87' lang='lat' dir='ltr'>docere</span> <span class='ocrx_word' id='word_1_438' title='bbox 1219 2612 1363 2645; x_wconf 74' lang='lat' dir='ltr'>instituit</span> <span class='ocrx_word' id='word_1_439' title='bbox 1388 2614 1477 2646; x_wconf 77' lang='lat' dir='ltr'>illam</span> 
     </span>
     <span class='ocr_line' id='line_1_82' title="bbox 834 2658 1477 2701; baseline 0.003 -11"><span class='ocrx_word' id='word_1_440' title='bbox 834 2658 1134 2701; x_wconf 84' lang='lat' dir='ltr'>reprehensionem</span> <span class='ocrx_word' id='word_1_441' title='bbox 1160 2667 1281 2691; x_wconf 69' lang='lat' dir='ltr'>vanam</span> <span class='ocrx_word' id='word_1_442' title='bbox 1308 2663 1410 2701; x_wconf 79' lang='lat' dir='ltr'>atque</span> <span class='ocrx_word' id='word_1_443' title='bbox 1427 2660 1477 2692; x_wconf 93' lang='lat' dir='ltr'>in-</span> 
     </span>
     <span class='ocr_line' id='line_1_83' title="bbox 833 2705 1221 2737; baseline 0.003 -2"><span class='ocrx_word' id='word_1_444' title='bbox 833 2714 932 2737; x_wconf 78' lang='lat' dir='ltr'>anem</span> <span class='ocrx_word' id='word_1_445' title='bbox 958 2705 1105 2737; x_wconf 80' lang='lat' dir='ltr'>futuram</span> <span class='ocrx_word' id='word_1_446' title='bbox 1133 2714 1221 2737; x_wconf 86' lang='lat' dir='ltr'>esse.</span> 
     </span>
    </p>

    <p class='ocr_par' dir='ltr' id='par_1_15' title="bbox 880 2744 1475 2791">
     <span class='ocr_line' id='line_1_84' title="bbox 880 2744 1475 2791; baseline -0.005 -10"><span class='ocrx_word' id='word_1_447' title='bbox 880 2745 966 2781; x_wconf 73' lang='grc' dir='ltr'>ἀλλ’</span> <span class='ocrx_word' id='word_1_448' title='bbox 1001 2768 1045 2775; x_wconf 85' lang='lat'>—-</span> <span class='ocrx_word' id='word_1_449' title='bbox 1089 2748 1247 2789; x_wconf 64' lang='grc' dir='ltr'><em>ὅμοιος</em></span> <span class='ocrx_word' id='word_1_450' title='bbox 1285 2744 1475 2791; x_wconf 72' lang='grc' dir='ltr'>εἶναιτῷ</span> 
     </span>
    </p>
   </div>
   <div class='ocr_carea' id='block_1_13' title="bbox 1520 629 1558 670">
    <p class='ocr_par' dir='ltr' id='par_1_16' title="bbox 1520 629 1558 670">
     <span class='ocr_line' id='line_1_85' title="bbox 1520 629 1558 670; baseline 0 0"><span class='ocrx_word' id='word_1_451' title='bbox 1520 629 1558 670; x_wconf 86' lang='grc' dir='ltr'>Β</span> 
     </span>
    </p>
   </div>
  </div>
 </body>
</html>
