1644 3039
229 145 374 185 linX'

226 264 564 313 temperamento
619 257 826 300 utendum
863 258 965 305 fuit3
1008 258 1189 299 alterum
1233 259 1308 300 etsi
1352 266 1394 301 et
1431 260 1570 315 ipsum

225 314 427 370 exigebat
458 314 730 368 brevitatem,
751 321 894 356 tamen
926 330 1013 357 non
1044 315 1104 356 ita
1134 315 1217 356 fuit
1247 315 1443 371 angustis
1474 315 1571 357 fini-

224 371 305 413 bus
336 370 659 424 includendum,
688 372 793 426 quin
823 371 1133 426 disputationis
1165 371 1404 414 ubertatem
1435 388 1572 427 quan·-

225 427 322 469 dam
363 435 550 483 caperet.
611 428 767 483 Itaque
807 428 1045 470 orationem
1080 427 1276 471 Platonis
1319 429 1406 470 fere
1442 429 1572 471 talem

225 485 510 536 exhibuimus,
536 484 706 539 qualem
728 485 811 526 iam
834 485 1022 540 optimae
1043 500 1220 540 operum
1251 486 1573 528 Platonicorum

225 541 438 583 editiones
470 542 686 594 referunt,
713 540 801 599 ‘hoc
843 547 909 583 est
948 541 1001 582 ad
1032 542 1162 583 fidem
1190 542 1468 598 plurimorum
1500 558 1574 584 co-

226 599 369 640 dicum
426 599 814 654 manuscriptorum
867 599 1152 640 examinatam
1205 606 1247 640 et
1289 599 1575 641 emendatam.

226 654 372 708 Quum
411 670 512 696 vero
552 656 701 696 critica
742 655 963 711 supellex,
1006 656 1258 711 praesertim
1292 656 1426 712 copiis
1458 655 1576 697 Bek-

227 711 416 753 kerianis
449 711 781 766 accedentibus,
810 713 969 753 lautior
1003 720 1142 765 esset,
1176 728 1304 767 quam
1339 719 1387 754 ut
1418 712 1575 766 omnia,

226 784 337 823 quae
377 768 476 810 inde
519 768 743 825 seligenda
780 768 1054 823 viderentur,
1088 769 1262 825 copiose
1294 776 1473 826 possent
1504 785 1576 811 ex-

225 825 394 881 plicari,
409 825 488 867 hac
514 826 579 868 usi
604 840 750 867 sumus
774 825 1082 880 moderatione,
1096 833 1142 868 ut
1161 827 1344 882 primum
1364 827 1577 883 potiorem

225 889 391 924 tantum
430 883 628 924 lectionis
669 883 921 924 varietatem
962 898 1311 939 excerperemus,
1345 882 1500 925 deinde
1532 883 1576 923 in

226 955 277 981 ea
318 939 557 980 enarranda
601 946 643 981 et
691 939 969 981 diiudicanda
1008 940 1212 982 brevitati
1244 947 1451 995 quantum
1481 940 1576 981 fieri

226 1003 374 1052 posset
413 996 695 1038 studeremus.
756 997 910 1050 Itaque
959 997 1107 1038 critica
1158 998 1407 1049 annotatio,
1451 1011 1578 1051 quam

226 1053 480 1106 adiecimus,
502 1054 590 1095 sere
616 1060 682 1094 est
713 1053 938 1106 eiusmodi,
964 1069 1072 1108 quae
1094 1053 1360 1095 demonstret
1381 1054 1575 1105 maxime,

227 1117 438 1164 quatenus
480 1116 628 1151 nostra
666 1110 894 1152 verborum
935 1112 1128 1152 recensio
1176 1111 1246 1152 vel
1295 1127 1319 1151 a
1363 1109 1578 1152 communi

226 1174 419 1208 veterum
453 1166 705 1219 editionum,
738 1166 951 1218 Aldinae,
986 1167 1314 1216 Basileensium,
1346 1167 1578 1222 Stephani-

228 1239 334 1265 anae
375 1223 583 1275 lectione,
625 1223 692 1264 vel
731 1238 756 1264 a
799 1224 891 1264 sola
929 1224 1139 1278 Stephani
1178 1225 1418 1280 scriptura,
1451 1239 1578 1278 quam

226 1282 310 1322 fere
345 1280 624 1337 vulgatam
656 1279 858 1333 diximus,
890 1280 958 1321 vel
989 1281 1115 1321 etiam
1148 1297 1173 1321 a
1200 1281 1459 1323 lectionibus
1488 1279 1577 1321 edi-

225 1346 368 1379 torum
418 1337 705 1378 recentiorum
751 1336 926 1379 recedat
976 1344 1019 1378 et
1071 1338 1227 1393 quibus
1276 1338 1373 1393 ipsa
1418 1337 1579 1379 nitatur

227 1394 534 1436 fundamentis.
605 1392 705 1446 Qua
741 1394 785 1435 in
825 1409 870 1435 re
908 1394 1068 1435 versati
1107 1410 1254 1436 sumus
1293 1395 1379 1448 sic,
1416 1400 1465 1435 ut
1505 1404 1579 1435 aut

228 1451 446 1507 vulgatam
494 1450 722 1492 lectionem
764 1450 1016 1506 simpliciter
1059 1450 1372 1504 indicaremus,
1406 1450 1480 1492 ubi
1511 1465 1578 1491 res

226 1509 322 1563 ipsa
351 1514 394 1549 et
423 1507 621 1549 codicum
661 1508 889 1548 consensio
922 1507 1080 1548 nullam
1112 1507 1359 1548 admitteret
1390 1506 1442 1548 de
1474 1507 1578 1548 alte-

228 1565 317 1606 rius
334 1565 535 1606 lectionis
557 1564 738 1605 veritate
753 1563 1082 1617 dubitationem,
1097 1571 1172 1606 aut
1193 1564 1326 1606 verbo
1339 1563 1578 1605 diceremus

230 1621 401 1664 codices
441 1622 508 1663 vel
547 1621 756 1676 plurimos
798 1621 867 1662 vel
906 1623 1093 1676 optimos
1131 1621 1200 1662 vel
1231 1621 1416 1677 optimos
1447 1625 1577 1676 atque

228 1679 458 1735 plurimos,
491 1678 560 1720 vel
603 1678 733 1719 etiam
763 1693 926 1733 paucos
957 1677 1217 1732 eosdemque
1249 1678 1435 1733 optimos
1466 1674 1578 1718 hanc

227 1735 296 1776 vel
337 1735 452 1776 illam
492 1735 723 1776 lectionem
754 1734 1007 1776 confirmare
1038 1736 1104 1789 *);
1136 1735 1329 1791 singulos
1361 1750 1448 1776 non
1495 1733 1579 1775 nisi

228 1793 279 1834 iis
320 1791 427 1834 locis
466 1807 819 1842 recenseremus,
859 1791 933 1833 ubi
972 1807 1042 1834 res
1084 1792 1303 1847 postulare
1347 1790 1578 1833 videretur.

229 1850 383 1903 Itaque
424 1848 498 1903 qui
539 1848 720 1904 cupiunt
759 1847 1008 1905 diligentius
1040 1849 1281 1890 examinare
1311 1848 1581 1904 singulorum

228 1906 422 1948 locorum
466 1905 677 1946 rationem
708 1905 927 1958 criticam,
960 1906 1011 1946 iis
1051 1906 1203 1960 utique
1244 1904 1434 1946 adeundi
1480 1910 1582 1946 sunt

231 1962 369 2004 critici
389 1961 686 2004 commentarii
709 1961 760 2003 ab
784 1961 874 2003 Im.
896 1962 932 2002 B
947 1962 1155 2004 ekkero
1183 1969 1225 2004 et
1248 1978 1272 2003 a
1298 1962 1423 2004 nobis
1456 1960 1580 2010 editi3

232 2019 307 2074 qui
345 2019 389 2060 in
430 2019 679 2060 universum
720 2017 830 2059 scire
873 2019 1046 2072 volunt,
1080 2018 1183 2074 quid
1215 2026 1257 2060 et
1288 2017 1504 2073 quomodo
1536 2018 1581 2059 in

230 2077 336 2118 locis
367 2075 681 2117 difficilioribus
715 2090 739 2115 a
762 2074 948 2117 librariis
969 2075 1177 2131 scriptum
1196 2075 1266 2130 sit,
1287 2075 1330 2116 hi
1360 2081 1580 2132 poterunt,

232 2133 406 2190 opinor,
447 2133 527 2174 hac
568 2137 714 2173 nostra
761 2146 892 2187 opera
932 2132 1217 2186 acquiescere.
1278 2131 1367 2175 Sed
1408 2137 1583 2187 praeter

231 2196 423 2232 veterum
473 2189 678 2230 librorum
724 2188 932 2231 lectiones
982 2189 1409 2231 commemoravimus
1454 2187 1581 2229 etiam

233 2247 503 2288 coniecturas
542 2246 733 2287 virorum
781 2244 1032 2299 doctorum,
1077 2261 1185 2300 quae
1226 2246 1294 2287 vel
1337 2245 1582 2301 probabiles

280 2441 308 2479 ⁹)
338 2440 475 2471 Placuit
508 2444 622 2472 tamen
656 2441 690 2471 iu
726 2450 817 2471 nova
848 2441 912 2471 hac
943 2440 1026 2472 edit.
1060 2440 1255 2480 pleniorem
1286 2448 1465 2470 recensum
1492 2447 1581 2468 varr.

326 2486 512 2517 lectionum
543 2497 667 2528 agere,
693 2491 731 2516 ut
761 2486 826 2527 ipsi
858 2487 1011 2526 legentes
1045 2491 1188 2527 possent
1215 2485 1257 2516 de
1283 2485 1449 2524 cuiusque
1474 2484 1581 2524 scrip-

326 2537 420 2563 turae
445 2532 542 2563 fonte
567 2539 600 2564 et
626 2533 834 2564 auctoritate
852 2532 1017 2563 iudicare.
1066 2532 1184 2573 Atque
1208 2531 1275 2562 hoc
1300 2530 1402 2561 etiam
1428 2529 1506 2560 ideo
1533 2529 1581 2560 fe-

326 2581 452 2617 cimus,
480 2579 563 2619 quia
585 2579 665 2610 inde
692 2588 713 2609 a
737 2583 859 2620 quarto
891 2579 1066 2609 volumine
1092 2578 1276 2610 subnatum
1302 2575 1404 2607 nobis
1431 2579 1482 2606 est
1506 2575 1582 2606 uni-

325 2634 505 2656 versorum
531 2624 689 2656 Platonis
724 2635 866 2665 operum
900 2624 1112 2655 edendorum
1151 2623 1344 2654 consitium.
1393 2621 1582 2652 Enimvero

326 2670 375 2700 ita
403 2670 480 2701 fieri
513 2680 581 2702 non
616 2671 749 2711 potuit,
776 2671 858 2711 quin
895 2671 1001 2701 totius
1037 2670 1184 2701 instituti
1211 2669 1300 2699 ratio
1327 2667 1487 2700 nonnihil
1512 2676 1583 2697 mu-

327 2716 428 2747 tanda
453 2721 555 2747 essot.
