1644 3039
277 198 613 244 APOLOGIA
646 199 967 243 SOCRATIS.
1009 200 1060 242 P.
1100 202 1161 241 19.
1196 199 1259 243 St.
1392 203 1439 242 61

95 334 199 362 σατε
223 311 303 361 οὖν
324 320 395 359 καὶ
418 315 551 372 ὑμεῖς,
583 316 720 373 ὥςπερ
759 316 838 371 ἐγώ
873 320 990 372 λέγω,
1023 317 1199 368 διττούς
1233 335 1319 372 μου
1345 318 1450 370 τοὺς

96 387 370 440 κατηγόρους
393 391 628 439 γεγονέναι,
652 389 822 440 ἑτέρους
839 388 919 439 μὲν
944 384 1046 436 τοὺς
1072 384 1172 441 ἄρτι
1200 385 1447 442 κατηγορή-

95 467 273 503 σαντας,
296 457 468 508 ἑτέρους
490 456 532 495 δὲ
545 452 649 502 τοὺς
660 450 900 503 πιέλαι,οὒς
911 451 989 505 ἐγώ
1009 456 1126 506 λέγω,
1157 455 1228 495 καὶ
1253 454 1443 506 οὶήθητε
1476 461 1514 502 Ε

95 522 184 563 δεῖν
209 519 318 574 πρὸς
345 524 530 570 ἐκείνους
550 520 726 575 πρῶτον
748 537 799 574 με
819 519 1226 574 ἀπολογήσασθαι·
1267 524 1340 563 καὶ
1361 522 1445 578 γάρ

94 586 214 641 ὑμεῖς
229 592 399 630 ἐκείνων
411 586 855 641 πρότερονήκούσατε
877 587 1259 644 κατηγορούντων,
1280 592 1351 631 καὶ
1367 606 1447 631 πο-

96 653 147 696 λὺ
183 657 355 709 μᾶλλον
392 652 417 705 ἢ
453 657 586 697 τῶνδε
625 656 710 696 τῶν
748 652 947 708 ὕστερον.

195 721 311 764 Εἶεν.
330 720 634 774 ἀπολογητέον
656 720 722 773 δή,
743 715 774 763 ὦ
804 721 960 777 ἄνδρες
976 719 1233 778 Ἀθηναῖοι,
1266 726 1337 766 καὶ
1358 729 1448 767 ἐπι-

91 795 314 842 χειρητέον
333 786 454 840 ὑμῶν
478 789 704 841 ἐξελέσθαι
726 788 806 841 τὴν
828 786 1114 842 διαβο).ήν,ἣν
1136 788 1254 844 ὑμεῖς
1275 797 1319 833 ἐν
1341 795 1447 834 πολ-

94 857 153 909 λῷ
172 854 318 910 χρόνῳ
342 854 662 910 ἔσχετε,ταύτην
683 861 727 899 ἐν
753 854 892 906 οὕτως
920 855 1051 910 ὀλίγῳ
1079 857 1239 912 χρόνῳ.
1271 861 1448 913 βουλοί-

95 964 228 996 ticanns
252 963 443 996 Bodleiano
468 965 542 996 fere
567 965 773 997 auctoritate
800 975 861 1005 par
888 965 940 998 sit.

188 1007 363 1041 διττούς
395 1006 477 1049 μου
509 1008 609 1042 τοὺς
639 1009 941 1053 κατηγόρους]
992 1008 1074 1042 τοὺς
1105 1021 1172 1045 οῐη.
1199 1010 1276 1045 Ald.
1303 1012 1385 1044 Bas.
1418 1013 1448 1045 Ι.

95 1054 211 1096 Stepli.
240 1056 354 1087 inritis
380 1056 480 1090 codd.
506 1056 578 1089 fere
609 1058 776 1089 omnibns.
830 1058 948 1089 Paullo
975 1061 1053 1089 ante
1089 1068 1122 1089 τε
1146 1062 1226 1099 post
1252 1053 1448 1100 ἀπολογού-

94 1111 198 1140 μενιοι
223 1102 323 1133 deest
347 1102 379 1133 iu
410 1103 482 1134 Vat.
514 1102 603 1135 Flor.
631 1103 663 1134 d.
694 1107 766 1137 Par.
794 1103 832 1135 C.
859 1113 957 1136 erasa
993 1107 1047 1135 est
1071 1103 1103 1135 in
1127 1105 1202 1136 Par.
1230 1103 1270 1137 Β.
1298 1104 1390 1139 Flor.
1418 1117 1448 1137 a.

94 1147 164 1179 Sed
190 1157 256 1189 non
282 1157 388 1214 opus
393 1153 446 1180 est
472 1149 671 1181 mutatione.

96 1238 128 1272 b
165 1193 247 1270 12¹2}
266 1193 353 1270 1iis.
383 1240 480 1272 Vina.
520 1245 547 1273 1.
577 1242 608 1274 ο..
642 1242 673 1274 6.

372 1192 415 1225 ἐν
441 1195 578 1237 πολλῷ
610 1193 751 1237 χρόνῳ
784 1193 948 1236 ἔσχετε]
999 1195 1038 1226 V.
1065 1195 1167 1236 ἔχετε,
1201 1195 1291 1237 quod
1320 1207 1337 1228 e
1364 1196 1446 1228 Ven.

717 1240 751 1270 '1¹'
747 1251 806 1274 mr.
839 1251 870 1282 g.

903 1240 933 1272 h.
967 1243 1198 1273 emend2.1tum
1249 1241 1337 1273 Dein
1366 1249 1449 1276 vett.

98 1284 195 1317 editt.
223 1283 259 1316 ἐι
285 1281 410 1317 οὑτωσὶ
435 1282 509 1328 ὀλίγ
504 1298 538 1329 ῳ
564 1298 612 1328 χρ.
641 1286 709 1319 Sed
737 1283 849 1317 οῖ’τως
874 1287 1107 1328 praebuerunt
1133 1286 1450 1322 B0d1.vat.Ven.

96 1375 156 1407 Sic
193 1374 307 1418 Lysid.
354 1387 385 1417 p.
423 1375 499 1410 223.
532 1376 580 1408 Β;
615 1374 742 1419 ἄποροι

98 1419 360 1463 προςφέρεσθαι
401 1421 556 1454 dicuntur
599 1424 738 1463 quibus-

97 1477 175 1500 cum
197 1469 355 1509 -colloqui
398 1472 432 1499 et
464 1479 567 1510 agere
603 1469 740 1501 difficile

97 1518 172 1553 est3
192 1513 278 1544 conf.
299 1512 443 1554 Tlfflcy
455 1514 487 1545 d.
508 1514 562 1548 iv,
579 1514 637 1548 32.
658 1516 740 1556 ibiq.

97 1559 213 1592 Scliol.
256 1559 319 1591 Est
352 1560 453 1601 igitur
478 1560 740 1593 Germanicum:

99 1586 442 1646 unzuganon⁰ch

144 1646 276 1692 αναβι
267 1632 521 1706 cssbioaoffiac
577 1670 619 1675 —
680 1651 739 1683 ἑν-

99 1696 288 1739 ταυθοῖ]
323 1692 544 1739 αἰαβιβάζειι
577 1702 629 1730 est
662 1699 740 1730 ali-

99 1753 217 1785 quem
248 1743 526 1776 adscendere
567 1744 741 1784 iubere,

98 1789 362 1831 producere,
389 1795 423 1821 et
447 1790 581 1830 quidem
607 1790 742 1822 nomine

99 1840 133 1866 et
157 1835 248 1866 iussu
279 1837 388 1867 alieno
414 1836 521 1867 autin
542 1845 638 1866 nsum
659 1836 740 1867 alie-

98 1891 191 1912 num.
241 1881 360 1922 ltaque
387 1877 664 1922 α’ναβιβάζεσθαι
689 1885 742 1913 est

98 1926 132 1957 id
159 1927 272 1958 facere
296 1927 404 1968 ipsum
426 1930 562 1960 nomine
586 1939 647 1960 suo
662 1937 739 1958 sua-

96 1981 162 2013 que
192 1972 300 2014 ipsius
331 1983 462 2008 caussa.
515 1974 612 2006 Unde
641 1973 740 2006 intel-

99 2019 226 2060 ligitur,
252 2028 311 2050 cur
337 2019 436 2052 Plato
461 2029 542 2052 usus
567 2021 610 2051 sit
632 2019 738 2051 verbo

97 2064 224 2096 medio.
276 2064 403 2097 Dicitur
427 2071 542 2098 autem
570 2061 738 2106 ἀναβιβά-

97 2110 222 2151 ζεσθαι
257 2109 399 2143 eandem
433 2112 477 2144 ob
502 2122 659 2144 caussam
686 2116 739 2143 at-

102 2166 169 2197 que
196 2153 403 2197 ἀναβαίνειν,
429 2158 471 2190 de
487 2168 555 2199 quo
581 2169 611 2189 v.
636 2158 678 2189 ad
706 2168 737 2199 p.

101 2202 156 2236 17.
184 2202 222 2235 E.
246 2203 286 2233 In
314 2205 476 2243 proximis
500 2205 589 2237 inest
614 2204 737 2236 α’νακο-

102 2246 230 2278 λουθιά
269 2248 436 2289 quaedam
479 2250 605 2283 iudicio
647 2251 737 2282 Ste-

102 2291 246 2334 phani:
281 2303 356 2325 nam
384 2296 619 2329 concinnitatis
644 2297 738 2337 leges

101 2338 264 2370 iubebant
288 2338 373 2381 dici,
398 2345 436 2372 ut
459 2342 517 2382 ait,
544 2347 602 2374 aut
628 2351 738 2383 cosmo

104 2385 355 2425 σκιαμαχοῦντα
411 2367 664 2429 ἀπολογεῖσθαί
707 2399 741 2419 τε

102 2430 157 2462 καὶ
183 2429 340 2472 ἑλέηειν,
374 2437 431 2464 aut
463 2430 572 2476 ὥςπερ
602 2445 739 2474 σκιαμα-

101 2480 170 2517 χεῖν
193 2473 477 2519 ἀπολογούμενόν
507 2491 540 2511 τε
570 2482 624 2512 καὶ
649 2479 738 2523 ἑλέ,-

100 2534 215 2563 χοντα.
260 2523 330 2555 Sed
361 2525 416 2556 ubi
442 2535 513 2557 rem
546 2527 738 2569 diligentius

101 2569 389 2610 consideraveris,
407 2572 532 2603 nullam
548 2577 739 2604 structurae

101 2615 323 2647 mutationem
350 2615 474 2649 factam
495 2628 571 2649 esse
588 2618 740 2649 animad-

101 2664 228 2702 vertes,
273 2660 361 2694 Nam
411 2663 512 2695 verba
552 2667 741 2704 σκιαμαχεῖν

101 2700 384 2748 ἀπολογούμενον
403 2710 529 2742 arctius
546 2709 739 2742 cohaerent.

100 2751 149 2784 ita
181 2758 219 2785 ut
248 2754 287 2784 iis
322 2765 355 2786 τε
389 2759 483 2788 recte
521 2756 739 2789 subiiciatur:

102 2798 311 2840 respondent
334 2805 447 2834 autem
475 2802 515 2834 iis
543 2801 625 2836 haec
650 2800 738 2843 ἐλέγ-

808 1373 1033 1417 χεα-μηδενὸς
1046 1372 1333 1418 ἀποκρινομένου.
1360 1377 1449 1410 Rem

809 1433 871 1454 acu
904 1422 1016 1463 tetigit
1051 1423 1080 1455 Ι.
1113 1422 1172 1456 Fr.
1198 1422 1449 1459 Fischerus,

810 1471 954 1500 Prorsus
996 1468 1117 1500 eodem
1153 1468 1255 1500 modo
1286 1469 1450 1511 Reipubl.

808 1515 852 1548 V,
881 1525 912 1556 p.
940 1512 1018 1547 470.
1047 1514 1092 1545 C:
1129 1516 1284 1553 πολεμεῖν
1307 1516 1449 1556 ιιαχοιιέ-

808 1569 894 1592 ²·OUS'
924 1571 963 1591 ἴε
996 1557 1152 1601 φήσομεν
1176 1562 1241 1592 καὶ
1270 1572 1452 1601 πολεμίους

810 1605 913 1648 φύσει
939 1601 1025 1638 εἶιαι
1051 1611 1085 1638 et
1104 1607 1131 1638 L
1119 1618 1213 1649 egg.
1242 1607 1299 1641 ΙΧ.
1327 1620 1358 1650 p.
1372 1608 1450 1644 854.

809 1655 864 1685 A:
891 1653 1137 1694 παρακαλουσα
1155 1649 1239 1695 ιιηθ’
1266 1651 1393 1695 νμὲραν
1420 1668 1452 1688 τε

812 1701 864 1730 καὶ
892 1698 1118 1741 ἑπεγείροισα
1143 1698 1286 1741 νύκτωρ,
1312 1703 1367 1733 ubi
1391 1713 1452 1735 ex—

811 1750 948 1797 spectet
973 1746 1091 1786 aliquis
1126 1749 1241 1787 potius
1267 1743 1346 1777 καθ’
1374 1744 1451 1789 ημέ-

813 1803 876 1832 ραν
902 1802 935 1822 ἴε
965 1792 1211 1831 naoazalofioa
1238 1793 1291 1823 nac
1318 1791 1452 1837 Ῥύκῖωρ

812 1836 1045 1879 ἐπεγει ρουσα
1094 1837 1163 1869 Sed
1189 1838 1238 1870 his
1268 1849 1308 1870 ac
1333 1841 1453 1873 simili-

811 1884 874 1915 bus
899 1884 1065 1924 neglectis
1090 1883 1308 1926 Hirschig.
1344 1886 1451 1919 auda-

811 1935 884 1961 cter
899 1927 1076 1971 ἐλέγχοντα
1095 1930 1242 1971 scripsit,
1263 1931 1451 1973 depravato

810 1976 914 2007 etiam
943 1978 1020 2007 loco
1046 1975 1270 2018 Reipublicae
1303 1989 1320 2009 a
1352 1979 1452 2012 nobis

809 2023 924 2054 allato

856 2063 1062 2108 ἀξιώσατε
1098 2062 1177 2099 οὖν
1203 2069 1268 2101 καὶ
1293 2067 1449 2113 ὑμεῖς]

808 2112 838 2144 h.
875 2125 904 2148 e.
938 2115 1195 2146 existimate
1227 2116 1369 2157 igitur
1409 2123 1452 2150 et

807 2170 894 2193 vos.
929 2160 1077 2192 Verbum
1117 2142 1265 2200 ἀξιοῦνῠ
1271 2162 1451 2196 illustravit

806 2205 1101 2237 Buttmannus
1165 2207 1207 2238 ad
1271 2208 1450 2244 Demostli.

808 2262 857 2283 or.
890 2251 1030 2285 Midian.
1058 2262 1091 2292 p.
1120 2252 1197 2287 165.

854 2297 895 2329 P.
924 2297 978 2332 19
1005 2294 1118 2332 Εἶεν
1154 2295 1450 2342 ἀπολογητέον

811 2341 886 2385 δή]
930 2344 1005 2375 Isto
1045 2339 1112 2375 εἶεν
1150 2349 1289 2378 utuntur
1334 2348 1452 2388 Attici,

809 2400 910 2431 quum
944 2391 1063 2422 volunt
1086 2391 1275 2432 significare
1300 2403 1338 2425 se
1364 2395 1454 2427 nolle

811 2436 957 2477 amplius
991 2435 1034 2467 de
1057 2417 1294 2478 sup⁰erioribus
1321 2438 1451 2480 dicere,

813 2481 873 2513 sed
907 2482 1051 2514 transire
1084 2483 1125 2514 ad
1159 2484 1234 2517 alia
1293 2484 1453 2517 Pluribus

809 2527 853 2559 de
885 2526 947 2559 hac
977 2537 1015 2560 re
1048 2526 1217 2569 disputavi
1255 2530 1297 2561 ad
1324 2530 1452 2573 Euthy-

808 2573 925 2614 pliron.
960 2584 990 2615 p
1016 2572 1061 2607 88
1086 2584 1135 2615 sq.
1166 2574 1218 2608 ed.
1246 2575 1343 2617 Lips.
1391 2577 1450 2609 In-

807 2618 943 2651 terdum
996 2620 1096 2651 etiam
1151 2620 1350 2709 simppliciter
1397 2628 1453 2656 est

809 2665 1031 2702 transeuntis.
1058 2670 1095 2697 ut
1119 2676 1195 2698 mox
1250 2669 1336 2702 ..19
1363 2668 1404 2700 Β.

857 2709 1090 2749 ἐξελέσθαι
1296 2713 1448 2756 διαβο-

812 2755 878 2798 λήι
881 2756 966 2799 ]h.
993 2767 1022 2790 e.
1048 2757 1309 2793 adimereet
1337 2763 1452 2794 evel-

810 2804 901 2835 lere
927 2802 1082 2836 animis
1109 2805 1273 2839 vestris
1300 2808 1450 2840 malam

1153 2678 1245 2753 τὴνΡ

1482 740 1531 781 19
