<?xml version="1.0" encoding="UTF-8"?>
<!DOCTYPE html PUBLIC "-//W3C//DTD XHTML 1.0 Transitional//EN"
    "http://www.w3.org/TR/xhtml1/DTD/xhtml1-transitional.dtd">
<html xmlns="http://www.w3.org/1999/xhtml" xml:lang="en" lang="en">
 <head>
  <title>
</title>
<meta http-equiv="Content-Type" content="text/html;charset=utf-8" />
  <meta name='ocr-system' content='tesseract 3.04.00' />
  <meta name='ocr-capabilities' content='ocr_page ocr_carea ocr_par ocr_line ocrx_word'/>
</head>
<body>
  <div class='ocr_page' id='page_1' title='image "./n1operaomniarecens01platuoft/n1operaomniarecens01platuoft_0222.png"; bbox 0 0 1644 3039; ppageno 0'>
   <div class='ocr_carea' id='block_1_1' title="bbox 187 181 1044 225">
    <p class='ocr_par' dir='ltr' id='par_1_1' title="bbox 187 181 1044 225">
     <span class='ocr_line' id='line_1_1' title="bbox 187 181 1044 225; baseline 0.006 -5"><span class='ocrx_word' id='word_1_1' title='bbox 187 181 263 220; x_wconf 75' lang='lat'><em>142</em></span> <span class='ocrx_word' id='word_1_2' title='bbox 667 181 1044 225; x_wconf 87' lang='lat' dir='ltr'>PLATONIS</span> 
     </span>
    </p>
   </div>
   <div class='ocr_carea' id='block_1_2' title="bbox 107 293 1532 673">
    <p class='ocr_par' dir='ltr' id='par_1_2' title="bbox 284 293 1532 357">
     <span class='ocr_line' id='line_1_2' title="bbox 284 293 1532 357; baseline 0.006 -19"><span class='ocrx_word' id='word_1_3' title='bbox 284 294 392 356; x_wconf 81' lang='lat' dir='ltr'><strong>Cap.</strong></span> <span class='ocrx_word' id='word_1_4' title='bbox 441 293 622 339; x_wconf 81' lang='lat' dir='ltr'><strong>XXIV.</strong></span> <span class='ocrx_word' id='word_1_5' title='bbox 695 299 843 353; x_wconf 76' lang='grc' dir='ltr'><em>Χωρις</em></span> <span class='ocrx_word' id='word_1_6' title='bbox 888 301 930 342; x_wconf 75' lang='grc' dir='ltr'><em>δὲ</em></span> <span class='ocrx_word' id='word_1_7' title='bbox 977 300 1056 350; x_wconf 81' lang='grc' dir='ltr'><em>τῆς</em></span> <span class='ocrx_word' id='word_1_8' title='bbox 1100 298 1246 352; x_wconf 77' lang='grc' dir='ltr'><em>δόξης,</em></span> <span class='ocrx_word' id='word_1_9' title='bbox 1289 293 1320 342; x_wconf 79' lang='grc' dir='ltr'><strong>ὦ</strong></span> <span class='ocrx_word' id='word_1_10' title='bbox 1365 298 1532 357; x_wconf 76' lang='grc' dir='ltr'><em>ἄνδρες,</em></span> 
     </span>
    </p>

    <p class='ocr_par' dir='ltr' id='par_1_3' title="bbox 107 353 1532 673">
     <span class='ocr_line' id='line_1_3' title="bbox 107 353 1530 418; baseline 0.004 -14"><span class='ocrx_word' id='word_1_11' title='bbox 107 353 143 394; x_wconf 78' lang='lat' dir='ltr'><strong>C</strong></span> <span class='ocrx_word' id='word_1_12' title='bbox 184 361 283 405; x_wconf 79' lang='grc' dir='ltr'><em>οὐδὲ</em></span> <span class='ocrx_word' id='word_1_13' title='bbox 334 363 502 407; x_wconf 85' lang='grc' dir='ltr'><em>δίκαιόν</em></span> <span class='ocrx_word' id='word_1_14' title='bbox 549 381 624 418; x_wconf 82' lang='grc' dir='ltr'><em>μοι</em></span> <span class='ocrx_word' id='word_1_15' title='bbox 670 368 786 407; x_wconf 86' lang='grc' dir='ltr'><em>δοκεῖ</em></span> <span class='ocrx_word' id='word_1_16' title='bbox 832 365 940 409; x_wconf 82' lang='grc' dir='ltr'><em>εἶναι</em></span> <span class='ocrx_word' id='word_1_17' title='bbox 992 367 1172 409; x_wconf 79' lang='grc' dir='ltr'><em>δεῖσθαι</em></span> <span class='ocrx_word' id='word_1_18' title='bbox 1205 369 1285 410; x_wconf 86' lang='grc' dir='ltr'><em>τοῦ</em></span> <span class='ocrx_word' id='word_1_19' title='bbox 1322 369 1530 412; x_wconf 83' lang='grc' dir='ltr'><em>δικαστοῦ</em></span> 
     </span>
     <span class='ocr_line' id='line_1_4' title="bbox 184 428 1532 490; baseline 0.004 -18"><span class='ocrx_word' id='word_1_20' title='bbox 184 428 284 472; x_wconf 80' lang='grc' dir='ltr'><em>οὐδὲ</em></span> <span class='ocrx_word' id='word_1_21' title='bbox 331 429 536 486; x_wconf 82' lang='grc' dir='ltr'><em>δεόμενον</em></span> <span class='ocrx_word' id='word_1_22' title='bbox 581 429 875 490; x_wconf 72' lang='grc' dir='ltr'><em>ἀποφεύγειν,</em></span> <span class='ocrx_word' id='word_1_23' title='bbox 921 431 1034 474; x_wconf 56' lang='lat'><em>0227&amp;</em></span> <span class='ocrx_word' id='word_1_24' title='bbox 1077 432 1292 476; x_wconf 71' lang='grc' dir='ltr'><em>διδάσκειν</em></span> <span class='ocrx_word' id='word_1_25' title='bbox 1335 451 1406 477; x_wconf 87' lang='grc' dir='ltr'><em>και</em></span> <span class='ocrx_word' id='word_1_26' title='bbox 1441 438 1532 478; x_wconf 82' lang='grc' dir='ltr'><em>πεί-</em></span> 
     </span>
     <span class='ocr_line' id='line_1_5' title="bbox 183 496 1085 554; baseline 0.002 -16"><span class='ocrx_word' id='word_1_27' title='bbox 183 500 301 539; x_wconf 73' lang='grc' dir='ltr'><em>θειν.</em></span> <span class='ocrx_word' id='word_1_28' title='bbox 346 497 397 540; x_wconf 85' lang='grc' dir='ltr'><em>οὐ</em></span> <span class='ocrx_word' id='word_1_29' title='bbox 447 496 532 552; x_wconf 69' lang='grc' dir='ltr'><em>γὰρ</em></span> <span class='ocrx_word' id='word_1_30' title='bbox 577 501 645 540; x_wconf 76' lang='grc' dir='ltr'><em>ἐπὶ</em></span> <span class='ocrx_word' id='word_1_31' title='bbox 693 499 834 554; x_wconf 78' lang='grc' dir='ltr'><em>τούτῳ</em></span> <span class='ocrx_word' id='word_1_32' title='bbox 883 499 1085 552; x_wconf 69' lang='grc' dir='ltr'><em>κάθηται</em></span> 
     </span>
     <span class='ocr_line' id='line_1_6' title="bbox 183 565 1122 619; baseline 0.002 -14"><span class='ocrx_word' id='word_1_33' title='bbox 183 566 242 617; x_wconf 78' lang='grc' dir='ltr'><em>τῷ</em></span> <span class='ocrx_word' id='word_1_34' title='bbox 299 566 676 619; x_wconf 66' lang='grc' dir='ltr'><em>καταχαρίζεσθαι</em></span> <span class='ocrx_word' id='word_1_35' title='bbox 712 565 766 608; x_wconf 75' lang='grc' dir='ltr'><em>τὰ</em></span> <span class='ocrx_word' id='word_1_36' title='bbox 804 569 975 617; x_wconf 81' lang='grc' dir='ltr'><em>δικαια,</em></span> <span class='ocrx_word' id='word_1_37' title='bbox 1024 565 1122 608; x_wconf 53' lang='grc' dir='ltr'><em>ἀλλ’</em></span> 
     </span>
     <span class='ocr_line' id='line_1_7' title="bbox 183 633 350 673; baseline 0.007 -1"><span class='ocrx_word' id='word_1_38' title='bbox 183 633 350 673; x_wconf 80' lang='grc' dir='ltr'><em>ταῦτα</em></span> 
     </span>
    </p>
   </div>
   <div class='ocr_carea' id='block_1_3' title="bbox 389 497 1532 696">
    <p class='ocr_par' dir='ltr' id='par_1_4' title="bbox 389 497 1532 691">
     <span class='ocr_line' id='line_1_8' title="bbox 1128 497 1531 557; baseline 0.005 -15"><span class='ocrx_word' id='word_1_39' title='bbox 1128 497 1150 542; x_wconf 88' lang='grc' dir='ltr'>ὁ</span> <span class='ocrx_word' id='word_1_40' title='bbox 1188 501 1417 557; x_wconf 75' lang='grc' dir='ltr'><em>δικαστής,</em></span> <span class='ocrx_word' id='word_1_41' title='bbox 1462 504 1531 544; x_wconf 76' lang='grc' dir='ltr'><em>ἐπὶ</em></span> 
     </span>
     <span class='ocr_line' id='line_1_9' title="bbox 1176 570 1532 623; baseline 0.003 -14"><span class='ocrx_word' id='word_1_42' title='bbox 1176 571 1244 610; x_wconf 83' lang='grc' dir='ltr'><em>ἐπὶ</em></span> <span class='ocrx_word' id='word_1_43' title='bbox 1279 570 1338 622; x_wconf 75' lang='grc' dir='ltr'><em>τῷ</em></span> <span class='ocrx_word' id='word_1_44' title='bbox 1372 572 1532 623; x_wconf 81' lang='grc' dir='ltr'><em>κρίνειν</em></span> 
     </span>
     <span class='ocr_line' id='line_1_10' title="bbox 389 631 1532 696; baseline 0.004 -23"><span class='ocrx_word' id='word_1_45' title='bbox 389 650 460 674; x_wconf 85' lang='grc' dir='ltr'><em>και</em></span> <span class='ocrx_word' id='word_1_46' title='bbox 497 631 722 686; x_wconf 77' lang='grc' dir='ltr'><em>ὸιιώμοκεν</em></span> <span class='ocrx_word' id='word_1_47' title='bbox 758 633 809 676; x_wconf 83' lang='grc' dir='ltr'><em>οὐ</em></span> <span class='ocrx_word' id='word_1_48' title='bbox 840 638 1102 691; x_wconf 71' lang='grc' dir='ltr'><em>χαριεῖσθαι</em></span> <span class='ocrx_word' id='word_1_49' title='bbox 1131 632 1196 684; x_wconf 80' lang='grc' dir='ltr'><em>οἷς</em></span> <span class='ocrx_word' id='word_1_50' title='bbox 1230 633 1288 676; x_wconf 78' lang='grc' dir='ltr'><em>ἂν</em></span> <span class='ocrx_word' id='word_1_51' title='bbox 1323 637 1428 696; x_wconf 83' lang='grc' dir='ltr'><em>δοκῆ</em></span> <span class='ocrx_word' id='word_1_52' title='bbox 1451 633 1532 678; x_wconf 82' lang='grc' dir='ltr'><em>αὐ-</em></span> 
     </span>
    </p>
   </div>
   <div class='ocr_carea' id='block_1_4' title="bbox 182 697 1529 757">
    <p class='ocr_par' dir='ltr' id='par_1_5' title="bbox 182 697 1529 757">
     <span class='ocr_line' id='line_1_11' title="bbox 182 697 1529 757; baseline 0.003 -17"><span class='ocrx_word' id='word_1_53' title='bbox 182 700 268 752; x_wconf 81' lang='grc' dir='ltr'><em>τῷ,</em></span> <span class='ocrx_word' id='word_1_54' title='bbox 320 697 433 740; x_wconf 59' lang='grc' dir='ltr'><em>τάλα</em></span> <span class='ocrx_word' id='word_1_55' title='bbox 480 699 671 741; x_wconf 68' lang='grc' dir='ltr'><em>δικάσειν</em></span> <span class='ocrx_word' id='word_1_56' title='bbox 716 718 828 742; x_wconf 80' lang='grc' dir='ltr'><em>κατα</em></span> <span class='ocrx_word' id='word_1_57' title='bbox 876 718 979 750; x_wconf 84' lang='grc' dir='ltr'><em>τους</em></span> <span class='ocrx_word' id='word_1_58' title='bbox 1014 699 1190 753; x_wconf 83' lang='grc' dir='ltr'><em>νόμους.</em></span> <span class='ocrx_word' id='word_1_59' title='bbox 1241 698 1403 744; x_wconf 75' lang='grc' dir='ltr'><em>οὔκουν</em></span> <span class='ocrx_word' id='word_1_60' title='bbox 1443 700 1529 757; x_wconf 80' lang='grc' dir='ltr'><em>χρὴ</em></span> 
     </span>
    </p>
   </div>
   <div class='ocr_carea' id='block_1_5' title="bbox 99 764 1533 1098">
    <p class='ocr_par' dir='ltr' id='par_1_6' title="bbox 99 764 1533 1098">
     <span class='ocr_line' id='line_1_12' title="bbox 179 764 1533 823; baseline 0.002 -15"><span class='ocrx_word' id='word_1_61' title='bbox 179 765 278 808; x_wconf 70' lang='grc' dir='ltr'><em>οὔτε</em></span> <span class='ocrx_word' id='word_1_62' title='bbox 314 764 431 820; x_wconf 75' lang='grc' dir='ltr'><em>ἡμας</em></span> <span class='ocrx_word' id='word_1_63' title='bbox 466 766 630 818; x_wconf 78' lang='grc' dir='ltr'><em>ἐθίζειν</em></span> <span class='ocrx_word' id='word_1_64' title='bbox 664 764 778 822; x_wconf 81' lang='grc' dir='ltr'><em>ὑμᾶς</em></span> <span class='ocrx_word' id='word_1_65' title='bbox 813 773 1053 823; x_wconf 75' lang='grc' dir='ltr'><em>ἐπιορκεῖν,</em></span> <span class='ocrx_word' id='word_1_66' title='bbox 1101 766 1202 820; x_wconf 72' lang='grc' dir='ltr'><em>οὔθ</em></span> <span class='ocrx_word' id='word_1_67' title='bbox 1241 767 1356 823; x_wconf 80' lang='grc' dir='ltr'><em>ὑιιᾶς</em></span> <span class='ocrx_word' id='word_1_68' title='bbox 1390 772 1533 821; x_wconf 74' lang='grc' dir='ltr'><em>ἐθίζε-</em></span> 
     </span>
     <span class='ocr_line' id='line_1_13' title="bbox 179 829 1532 891; baseline 0.002 -16"><span class='ocrx_word' id='word_1_69' title='bbox 179 836 315 875; x_wconf 72' lang='grc' dir='ltr'><em>σθαι·</em></span> <span class='ocrx_word' id='word_1_70' title='bbox 367 833 585 889; x_wconf 74' lang='grc' dir='ltr'><em>οὐδέτεροι</em></span> <span class='ocrx_word' id='word_1_71' title='bbox 634 832 718 891; x_wconf 73' lang='grc' dir='ltr'><em>γὰρ</em></span> <span class='ocrx_word' id='word_1_72' title='bbox 766 831 823 876; x_wconf 73' lang='grc' dir='ltr'><em>ἂν</em></span> <span class='ocrx_word' id='word_1_73' title='bbox 865 833 987 890; x_wconf 81' lang='grc' dir='ltr'><em>ἡμῶν</em></span> <span class='ocrx_word' id='word_1_74' title='bbox 1039 833 1270 889; x_wconf 75' lang='grc' dir='ltr'><em>εὐσεβοῖεν.</em></span> <span class='ocrx_word' id='word_1_75' title='bbox 1332 836 1389 891; x_wconf 82' lang='grc' dir='ltr'><em>μὴ</em></span> <span class='ocrx_word' id='word_1_76' title='bbox 1451 829 1532 879; x_wconf 69' lang='grc' dir='ltr'><em>οὖν</em></span> 
     </span>
     <span class='ocr_line' id='line_1_14' title="bbox 181 895 1533 957; baseline 0.004 -16"><span class='ocrx_word' id='word_1_77' title='bbox 181 898 354 951; x_wconf 74' lang='grc' dir='ltr'><em>ἀξιοῦτέ</em></span> <span class='ocrx_word' id='word_1_78' title='bbox 389 917 453 956; x_wconf 80' lang='grc' dir='ltr'><em>με,</em></span> <span class='ocrx_word' id='word_1_79' title='bbox 491 895 520 942; x_wconf 84' lang='grc' dir='ltr'><strong>ὦ</strong></span> <span class='ocrx_word' id='word_1_80' title='bbox 561 899 716 957; x_wconf 74' lang='grc' dir='ltr'><em>ἄνδρες</em></span> <span class='ocrx_word' id='word_1_81' title='bbox 746 901 1007 953; x_wconf 76' lang='grc' dir='ltr'><em>Ἀθηναῖοι,</em></span> <span class='ocrx_word' id='word_1_82' title='bbox 1052 904 1236 944; x_wconf 83' lang='grc' dir='ltr'><em>τοιαῦτα</em></span> <span class='ocrx_word' id='word_1_83' title='bbox 1286 905 1374 945; x_wconf 86' lang='grc' dir='ltr'><em>δεῖν</em></span> <span class='ocrx_word' id='word_1_84' title='bbox 1423 901 1533 957; x_wconf 81' lang='grc' dir='ltr'><em>πρὸς</em></span> 
     </span>
     <span class='ocr_line' id='line_1_15' title="bbox 182 965 1532 1024; baseline 0.003 -16"><span class='ocrx_word' id='word_1_85' title='bbox 182 965 296 1021; x_wconf 77' lang='grc' dir='ltr'><em>ὑμᾶς</em></span> <span class='ocrx_word' id='word_1_86' title='bbox 331 967 562 1022; x_wconf 67' lang='grc' dir='ltr'><em>πράττειν,</em></span> <span class='ocrx_word' id='word_1_87' title='bbox 596 966 624 1009; x_wconf 79' lang='grc' dir='ltr'><em>ἂ</em></span> <span class='ocrx_word' id='word_1_88' title='bbox 660 969 768 1022; x_wconf 76' lang='grc' dir='ltr'><em>μήτε</em></span> <span class='ocrx_word' id='word_1_89' title='bbox 804 967 994 1023; x_wconf 76' lang='grc' dir='ltr'><em>ἠγοῦμαι</em></span> <span class='ocrx_word' id='word_1_90' title='bbox 1029 967 1141 1010; x_wconf 76' lang='grc' dir='ltr'><em>καλὰ</em></span> <span class='ocrx_word' id='word_1_91' title='bbox 1181 969 1291 1011; x_wconf 81' lang='grc' dir='ltr'><em>εἶναι</em></span> <span class='ocrx_word' id='word_1_92' title='bbox 1325 968 1433 1024; x_wconf 78' lang='grc' dir='ltr'><em>μήτε</em></span> <span class='ocrx_word' id='word_1_93' title='bbox 1470 972 1532 1012; x_wconf 88' lang='grc' dir='ltr'><em>δί-</em></span> 
     </span>
     <span class='ocr_line' id='line_1_16' title="bbox 99 1031 1529 1098; baseline 0.002 -23"><span class='ocrx_word' id='word_1_94' title='bbox 99 1042 141 1083; x_wconf 88' lang='lat' dir='ltr'>D</span> <span class='ocrx_word' id='word_1_95' title='bbox 183 1051 287 1076; x_wconf 87' lang='grc' dir='ltr'><em>καια</em></span> <span class='ocrx_word' id='word_1_96' title='bbox 330 1035 438 1089; x_wconf 76' lang='grc' dir='ltr'><em>μήτε</em></span> <span class='ocrx_word' id='word_1_97' title='bbox 487 1033 612 1086; x_wconf 80' lang='grc' dir='ltr'><em>ὅσια,</em></span> <span class='ocrx_word' id='word_1_98' title='bbox 646 1035 787 1085; x_wconf 69' lang='grc' dir='ltr'><em>ἄλλως</em></span> <span class='ocrx_word' id='word_1_99' title='bbox 829 1053 872 1078; x_wconf 84' lang='grc' dir='ltr'><em>τε</em></span> <span class='ocrx_word' id='word_1_100' title='bbox 915 1042 1063 1091; x_wconf 77' lang='grc' dir='ltr'><em>μέντοι</em></span> <span class='ocrx_word' id='word_1_101' title='bbox 1103 1031 1176 1098; x_wconf 73' lang='grc' dir='ltr'><em>[νὴ</em></span> <span class='ocrx_word' id='word_1_102' title='bbox 1215 1040 1294 1079; x_wconf 83' lang='grc' dir='ltr'><em>Δία</em></span> <span class='ocrx_word' id='word_1_103' title='bbox 1333 1033 1529 1096; x_wconf 76' lang='grc' dir='ltr'><em>πάντως]</em></span> 
     </span>
    </p>
   </div>
   <div class='ocr_carea' id='block_1_6' title="bbox 181 1162 1532 1438">
    <p class='ocr_par' dir='ltr' id='par_1_7' title="bbox 184 1162 1530 1245">
     <span class='ocr_line' id='line_1_17' title="bbox 275 1162 1530 1207; baseline 0.002 -11"><span class='ocrx_word' id='word_1_104' title='bbox 275 1165 360 1206; x_wconf 82' lang='lat' dir='ltr'><strong>Cap.</strong></span> <span class='ocrx_word' id='word_1_105' title='bbox 387 1166 523 1197; x_wconf 79' lang='lat' dir='ltr'><strong>XXIV.</strong></span> <span class='ocrx_word' id='word_1_106' title='bbox 550 1165 588 1196; x_wconf 92' lang='lat' dir='ltr'><em>C.</em></span> <span class='ocrx_word' id='word_1_107' title='bbox 616 1164 780 1197; x_wconf 76' lang='grc' dir='ltr'><em>οὔκουν</em></span> <span class='ocrx_word' id='word_1_108' title='bbox 803 1163 903 1207; x_wconf 81' lang='grc' dir='ltr'><em>χρή]</em></span> <span class='ocrx_word' id='word_1_109' title='bbox 929 1166 971 1196; x_wconf 89' lang='lat' dir='ltr'><em>V.</em></span> <span class='ocrx_word' id='word_1_110' title='bbox 1001 1162 1142 1202; x_wconf 73' lang='grc' dir='ltr'><em>οὐκοῦν,</em></span> <span class='ocrx_word' id='word_1_111' title='bbox 1169 1168 1264 1207; x_wconf 81' lang='lat' dir='ltr'>quod</span> <span class='ocrx_word' id='word_1_112' title='bbox 1283 1177 1326 1198; x_wconf 81' lang='lat' dir='ltr'><em>ex</em></span> <span class='ocrx_word' id='word_1_113' title='bbox 1351 1167 1429 1198; x_wconf 86' lang='lat' dir='ltr'><strong>Par.</strong></span> <span class='ocrx_word' id='word_1_114' title='bbox 1450 1167 1530 1198; x_wconf 87' lang='lat' dir='ltr'><em>DT.</em></span> 
     </span>
     <span class='ocr_line' id='line_1_18' title="bbox 184 1210 878 1245; baseline 0 -3"><span class='ocrx_word' id='word_1_115' title='bbox 184 1210 268 1244; x_wconf 84' lang='lat' dir='ltr'><strong>Ven.</strong></span> <span class='ocrx_word' id='word_1_116' title='bbox 293 1212 326 1244; x_wconf 88' lang='lat' dir='ltr'><em>b.</em></span> <span class='ocrx_word' id='word_1_117' title='bbox 352 1211 458 1242; x_wconf 88' lang='lat' dir='ltr'><strong>Vind.</strong></span> <span class='ocrx_word' id='word_1_118' title='bbox 483 1211 513 1244; x_wconf 84' lang='lat'><em>1.</em></span> <span class='ocrx_word' id='word_1_119' title='bbox 538 1210 570 1244; x_wconf 83' lang='lat'><em>4.</em></span> <span class='ocrx_word' id='word_1_120' title='bbox 593 1212 623 1245; x_wconf 81' lang='lat' dir='ltr'><em>G.</em></span> <span class='ocrx_word' id='word_1_121' title='bbox 649 1212 878 1244; x_wconf 78' lang='lat' dir='ltr'><strong>emendatum.</strong></span> 
     </span>
    </p>

    <p class='ocr_par' dir='ltr' id='par_1_8' title="bbox 181 1253 1532 1438">
     <span class='ocr_line' id='line_1_19' title="bbox 275 1253 1532 1298; baseline 0.001 -10"><span class='ocrx_word' id='word_1_122' title='bbox 275 1258 319 1288; x_wconf 88' lang='lat' dir='ltr'><em>D.</em></span> <span class='ocrx_word' id='word_1_123' title='bbox 356 1254 471 1294; x_wconf 72' lang='grc' dir='ltr'><em>ὅσια.</em></span> <span class='ocrx_word' id='word_1_124' title='bbox 507 1255 640 1288; x_wconf 70' lang='grc' dir='ltr'><em>ἄλλως</em></span> <span class='ocrx_word' id='word_1_125' title='bbox 666 1270 704 1289; x_wconf 79' lang='grc' dir='ltr'><em>τε</em></span> <span class='ocrx_word' id='word_1_126' title='bbox 728 1257 875 1297; x_wconf 79' lang='grc' dir='ltr'><em>μέντοι</em></span> <span class='ocrx_word' id='word_1_127' title='bbox 907 1255 954 1298; x_wconf 79' lang='grc' dir='ltr'><em>νὴ</em></span> <span class='ocrx_word' id='word_1_128' title='bbox 979 1257 1065 1287; x_wconf 79' lang='grc' dir='ltr'><em>Δία</em></span> <span class='ocrx_word' id='word_1_129' title='bbox 1090 1254 1259 1288; x_wconf 76' lang='grc' dir='ltr'><em>πάντως</em></span> <span class='ocrx_word' id='word_1_130' title='bbox 1285 1257 1350 1288; x_wconf 86' lang='grc' dir='ltr'><em>καὶ</em></span> <span class='ocrx_word' id='word_1_131' title='bbox 1376 1253 1456 1298; x_wconf 64' lang='lat' dir='ltr'><em>dm]</em></span> <span class='ocrx_word' id='word_1_132' title='bbox 1488 1258 1532 1292; x_wconf 84' lang='lat' dir='ltr'><em>V.</em></span> 
     </span>
     <span class='ocr_line' id='line_1_20' title="bbox 183 1299 1532 1345; baseline 0.001 -11"><span class='ocrx_word' id='word_1_133' title='bbox 183 1300 270 1339; x_wconf 84' lang='grc' dir='ltr'><em>ὅσια,</em></span> <span class='ocrx_word' id='word_1_134' title='bbox 296 1301 434 1343; x_wconf 68' lang='grc' dir='ltr'><em>μάλιστα</em></span> <span class='ocrx_word' id='word_1_135' title='bbox 460 1301 609 1341; x_wconf 76' lang='grc' dir='ltr'><em>πάντως,</em></span> <span class='ocrx_word' id='word_1_136' title='bbox 642 1302 682 1345; x_wconf 77' lang='grc' dir='ltr'><em>νὴ</em></span> <span class='ocrx_word' id='word_1_137' title='bbox 705 1305 776 1335; x_wconf 77' lang='grc' dir='ltr'><em>Δία</em></span> <span class='ocrx_word' id='word_1_138' title='bbox 806 1303 917 1342; x_wconf 79' lang='grc' dir='ltr'><em>μέντοι</em></span> <span class='ocrx_word' id='word_1_139' title='bbox 949 1303 1002 1333; x_wconf 87' lang='grc' dir='ltr'><em>καὶ</em></span> <span class='ocrx_word' id='word_1_140' title='bbox 1034 1299 1086 1335; x_wconf 70' lang='lat' dir='ltr'><strong>do.</strong></span> <span class='ocrx_word' id='word_1_141' title='bbox 1121 1314 1219 1344; x_wconf 70' lang='grc' dir='ltr'><em>ςιευγ.</em></span> <span class='ocrx_word' id='word_1_142' title='bbox 1248 1304 1358 1334; x_wconf 87' lang='lat' dir='ltr'><strong>Codd.</strong></span> <span class='ocrx_word' id='word_1_143' title='bbox 1388 1305 1532 1335; x_wconf 87' lang='lat' dir='ltr'>multum</span> 
     </span>
     <span class='ocr_line' id='line_1_21' title="bbox 181 1349 1532 1391; baseline 0.001 -11"><span class='ocrx_word' id='word_1_144' title='bbox 181 1350 272 1380; x_wconf 76' lang='lat' dir='ltr'>inter</span> <span class='ocrx_word' id='word_1_145' title='bbox 299 1360 333 1381; x_wconf 86' lang='lat' dir='ltr'><em>se</em></span> <span class='ocrx_word' id='word_1_146' title='bbox 360 1350 570 1391; x_wconf 73' lang='lat' dir='ltr'><strong>discrepant.</strong></span> <span class='ocrx_word' id='word_1_147' title='bbox 622 1350 791 1381; x_wconf 77' lang='lat' dir='ltr'>Dedimus</span> <span class='ocrx_word' id='word_1_148' title='bbox 828 1350 921 1390; x_wconf 89' lang='lat' dir='ltr'>quod</span> <span class='ocrx_word' id='word_1_149' title='bbox 953 1349 1120 1380; x_wconf 77' lang='lat' dir='ltr'>exhibent</span> <span class='ocrx_word' id='word_1_150' title='bbox 1154 1349 1256 1380; x_wconf 89' lang='lat' dir='ltr'><strong>Bodl.</strong></span> <span class='ocrx_word' id='word_1_151' title='bbox 1282 1350 1362 1381; x_wconf 82' lang='lat' dir='ltr'><strong>Vat.</strong></span> <span class='ocrx_word' id='word_1_152' title='bbox 1387 1350 1476 1381; x_wconf 87' lang='lat' dir='ltr'><strong>Ven.</strong></span> <span class='ocrx_word' id='word_1_153' title='bbox 1502 1351 1532 1381; x_wconf 92' lang='lat' dir='ltr'><em>b.</em></span> 
     </span>
     <span class='ocr_line' id='line_1_22' title="bbox 186 1395 1532 1438; baseline 0.001 -12"><span class='ocrx_word' id='word_1_154' title='bbox 186 1396 264 1427; x_wconf 85' lang='lat' dir='ltr'><strong>Par.</strong></span> <span class='ocrx_word' id='word_1_155' title='bbox 295 1396 403 1427; x_wconf 83' lang='lat' dir='ltr'><strong>DST.</strong></span> <span class='ocrx_word' id='word_1_156' title='bbox 431 1405 506 1427; x_wconf 80' lang='lat' dir='ltr'><em>oum</em></span> <span class='ocrx_word' id='word_1_157' title='bbox 531 1396 626 1427; x_wconf 89' lang='lat' dir='ltr'><strong>Flor.</strong></span> <span class='ocrx_word' id='word_1_158' title='bbox 652 1397 684 1427; x_wconf 89' lang='lat' dir='ltr'><em>d.</em></span> <span class='ocrx_word' id='word_1_159' title='bbox 711 1407 743 1438; x_wconf 81' lang='lat' dir='ltr'><em>g.</em></span> <span class='ocrx_word' id='word_1_160' title='bbox 762 1396 801 1438; x_wconf 61' lang='lat' dir='ltr'><em>h.</em></span> <span class='ocrx_word' id='word_1_161' title='bbox 825 1407 857 1427; x_wconf 82' lang='lat' dir='ltr'><em>v.</em></span> <span class='ocrx_word' id='word_1_162' title='bbox 886 1396 1102 1436; x_wconf 82' lang='lat' dir='ltr'><strong>interpretat.</strong></span> <span class='ocrx_word' id='word_1_163' title='bbox 1133 1395 1171 1427; x_wconf 89' lang='lat' dir='ltr'><em>ln</em></span> <span class='ocrx_word' id='word_1_164' title='bbox 1198 1396 1278 1427; x_wconf 84' lang='lat' dir='ltr'><strong>Par.</strong></span> <span class='ocrx_word' id='word_1_165' title='bbox 1304 1396 1406 1427; x_wconf 70' lang='lat' dir='ltr'><strong>BCE.</strong></span> <span class='ocrx_word' id='word_1_166' title='bbox 1436 1397 1532 1429; x_wconf 62' lang='lat' dir='ltr'><strong>vind.</strong></span> 
     </span>
    </p>
   </div>
   <div class='ocr_carea' id='block_1_7' title="bbox 183 1487 827 1528">
    <p class='ocr_par' dir='ltr' id='par_1_9' title="bbox 183 1487 827 1528">
     <span class='ocr_line' id='line_1_23' title="bbox 183 1487 827 1528; baseline 0 -11"><span class='ocrx_word' id='word_1_167' title='bbox 183 1487 277 1518; x_wconf 82' lang='lat' dir='ltr'>ducit</span> <span class='ocrx_word' id='word_1_168' title='bbox 302 1496 463 1524; x_wconf 80' lang='lat' dir='ltr'>uxorem,</span> <span class='ocrx_word' id='word_1_169' title='bbox 503 1488 652 1527; x_wconf 79' lang='lat' dir='ltr'>liberos,</span> <span class='ocrx_word' id='word_1_170' title='bbox 684 1487 827 1528; x_wconf 77' lang='lat' dir='ltr'>propin-</span> 
     </span>
    </p>
   </div>
   <div class='ocr_carea' id='block_1_8' title="bbox 185 1481 1534 1574">
    <p class='ocr_par' dir='ltr' id='par_1_10' title="bbox 185 1481 1534 1574">
     <span class='ocr_line' id='line_1_24' title="bbox 896 1481 1534 1530; baseline 0.005 -14"><span class='ocrx_word' id='word_1_171' title='bbox 896 1484 933 1516; x_wconf 82' lang='grc' dir='ltr'><em>τὰ</em></span> <span class='ocrx_word' id='word_1_172' title='bbox 958 1485 1060 1524; x_wconf 69' lang='grc' dir='ltr'><em>καλά,</em></span> <span class='ocrx_word' id='word_1_173' title='bbox 1088 1486 1150 1517; x_wconf 83' lang='grc' dir='ltr'><em>τοῦ</em></span> <span class='ocrx_word' id='word_1_174' title='bbox 1183 1483 1204 1526; x_wconf 78' lang='grc' dir='ltr'><em>ἢ</em></span> <span class='ocrx_word' id='word_1_175' title='bbox 1229 1481 1378 1526; x_wconf 51' lang='grc' dir='ltr'><em>ιἰἷςεέὶιμα</em></span> <span class='ocrx_word' id='word_1_176' title='bbox 1402 1483 1487 1519; x_wconf 78' lang='grc' dir='ltr'><em>εἶναι</em></span> <span class='ocrx_word' id='word_1_177' title='bbox 1514 1485 1534 1530; x_wconf 81' lang='grc' dir='ltr'><em>ἢ</em></span> 
     </span>
     <span class='ocr_line' id='line_1_25' title="bbox 185 1533 825 1574; baseline 0.002 -11"><span class='ocrx_word' id='word_1_178' title='bbox 185 1543 272 1574; x_wconf 90' lang='lat' dir='ltr'>quos</span> <span class='ocrx_word' id='word_1_179' title='bbox 309 1533 528 1564; x_wconf 80' lang='lat' dir='ltr'>lacrimantes</span> <span class='ocrx_word' id='word_1_180' title='bbox 572 1539 606 1564; x_wconf 82' lang='lat' dir='ltr'><em>et</em></span> <span class='ocrx_word' id='word_1_181' title='bbox 634 1535 825 1564; x_wconf 82' lang='lat' dir='ltr'><strong>lamentan-</strong></span> 
     </span>
    </p>
   </div>
   <div class='ocr_carea' id='block_1_9' title="bbox 895 1528 1534 1573">
    <p class='ocr_par' dir='ltr' id='par_1_11' title="bbox 895 1528 1534 1573">
     <span class='ocr_line' id='line_1_26' title="bbox 895 1528 1534 1573; baseline 0.005 -10"><span class='ocrx_word' id='word_1_182' title='bbox 895 1528 977 1573; x_wconf 77' lang='grc' dir='ltr'><em>ἡδέα</em></span> <span class='ocrx_word' id='word_1_183' title='bbox 1017 1529 1038 1573; x_wconf 79' lang='grc' dir='ltr'><em>ἢ</em></span> <span class='ocrx_word' id='word_1_184' title='bbox 1078 1528 1264 1572; x_wconf 71' lang='grc' dir='ltr'><em>ἀμφότερα.</em></span> <span class='ocrx_word' id='word_1_185' title='bbox 1315 1534 1534 1566; x_wconf 80' lang='lat' dir='ltr'>Matthiae</span> 
     </span>
    </p>
   </div>
   <div class='ocr_carea' id='block_1_10' title="bbox 185 1578 832 2818">
    <p class='ocr_par' dir='ltr' id='par_1_12' title="bbox 185 1578 824 1656">
     <span class='ocr_line' id='line_1_27' title="bbox 185 1578 824 1619; baseline 0.002 -10"><span class='ocrx_word' id='word_1_186' title='bbox 185 1585 257 1618; x_wconf 85' lang='lat' dir='ltr'>tes,</span> <span class='ocrx_word' id='word_1_187' title='bbox 285 1589 353 1619; x_wconf 91' lang='lat' dir='ltr'><em>quo</em></span> <span class='ocrx_word' id='word_1_188' title='bbox 383 1578 534 1610; x_wconf 83' lang='lat' dir='ltr'>iudicum</span> <span class='ocrx_word' id='word_1_189' title='bbox 558 1580 664 1610; x_wconf 87' lang='lat' dir='ltr'><strong>animi</strong></span> <span class='ocrx_word' id='word_1_190' title='bbox 689 1580 733 1610; x_wconf 80' lang='lat' dir='ltr'><em>ad</em></span> <span class='ocrx_word' id='word_1_191' title='bbox 762 1579 824 1610; x_wconf 84' lang='lat' dir='ltr'><em>mi-</em></span> 
     </span>
     <span class='ocr_line' id='line_1_28' title="bbox 186 1625 629 1656; baseline 0 0"><span class='ocrx_word' id='word_1_192' title='bbox 186 1625 412 1656; x_wconf 83' lang='lat' dir='ltr'>sericordiam</span> <span class='ocrx_word' id='word_1_193' title='bbox 436 1625 629 1656; x_wconf 83' lang='lat' dir='ltr'><strong>flectantur.</strong></span> 
     </span>
    </p>

    <p class='ocr_par' dir='ltr' id='par_1_13' title="bbox 188 1669 832 2532">
     <span class='ocr_line' id='line_1_29' title="bbox 233 1669 826 1711; baseline -0.002 -10"><span class='ocrx_word' id='word_1_194' title='bbox 233 1671 317 1711; x_wconf 86' lang='lat' dir='ltr'><strong>Cap.</strong></span> <span class='ocrx_word' id='word_1_195' title='bbox 343 1670 484 1702; x_wconf 85' lang='lat' dir='ltr'><strong>XXIV.</strong></span> <span class='ocrx_word' id='word_1_196' title='bbox 511 1669 656 1711; x_wconf 71' lang='grc' dir='ltr'><em>Χωρὶς</em></span> <span class='ocrx_word' id='word_1_197' title='bbox 682 1669 725 1700; x_wconf 83' lang='grc' dir='ltr'><em>δὲ</em></span> <span class='ocrx_word' id='word_1_198' title='bbox 750 1671 826 1711; x_wconf 71' lang='grc' dir='ltr'><em>τῆς</em></span> 
     </span>
     <span class='ocr_line' id='line_1_30' title="bbox 188 1715 824 1758; baseline 0 -11"><span class='ocrx_word' id='word_1_199' title='bbox 188 1715 342 1757; x_wconf 73' lang='grc' dir='ltr'><em>δόξης]</em></span> <span class='ocrx_word' id='word_1_200' title='bbox 384 1717 417 1747; x_wconf 90' lang='lat' dir='ltr'><em>h.</em></span> <span class='ocrx_word' id='word_1_201' title='bbox 451 1727 479 1748; x_wconf 85' lang='lat' dir='ltr'><em>e.</em></span> <span class='ocrx_word' id='word_1_202' title='bbox 522 1718 596 1748; x_wconf 80' lang='lat' dir='ltr'><em>sed</em></span> <span class='ocrx_word' id='word_1_203' title='bbox 628 1722 824 1758; x_wconf 83' lang='lat' dir='ltr'>praeter-</span> 
     </span>
     <span class='ocr_line' id='line_1_31' title="bbox 189 1763 826 1804; baseline 0 -11"><span class='ocrx_word' id='word_1_204' title='bbox 189 1773 315 1804; x_wconf 86' lang='lat' dir='ltr'>quam</span> <span class='ocrx_word' id='word_1_205' title='bbox 357 1764 472 1803; x_wconf 89' lang='lat' dir='ltr'>quod</span> <span class='ocrx_word' id='word_1_206' title='bbox 514 1764 634 1794; x_wconf 82' lang='lat' dir='ltr'>illud</span> <span class='ocrx_word' id='word_1_207' title='bbox 675 1763 826 1794; x_wconf 78' lang='lat' dir='ltr'><strong>existi-</strong></span> 
     </span>
     <span class='ocr_line' id='line_1_32' title="bbox 189 1809 828 1849; baseline 0 -9"><span class='ocrx_word' id='word_1_208' title='bbox 189 1809 378 1840; x_wconf 84' lang='lat' dir='ltr'>mationi</span> <span class='ocrx_word' id='word_1_209' title='bbox 408 1819 525 1840; x_wconf 80' lang='lat' dir='ltr'>meae</span> <span class='ocrx_word' id='word_1_210' title='bbox 544 1819 628 1840; x_wconf 89' lang='lat' dir='ltr'><em>non</em></span> <span class='ocrx_word' id='word_1_211' title='bbox 654 1819 828 1849; x_wconf 84' lang='lat' dir='ltr'>respon-</span> 
     </span>
     <span class='ocr_line' id='line_1_33' title="bbox 190 1855 829 1896; baseline 0 -10"><span class='ocrx_word' id='word_1_212' title='bbox 190 1856 331 1887; x_wconf 76' lang='lat' dir='ltr'><strong>deret:</strong></span> <span class='ocrx_word' id='word_1_213' title='bbox 406 1855 505 1886; x_wconf 81' lang='lat' dir='ltr'>aber</span> <span class='ocrx_word' id='word_1_214' title='bbox 576 1855 829 1896; x_wconf 80' lang='lat' dir='ltr'>abgesehen</span> 
     </span>
     <span class='ocr_line' id='line_1_34' title="bbox 189 1901 829 1932; baseline 0.002 -1"><span class='ocrx_word' id='word_1_215' title='bbox 189 1911 273 1932; x_wconf 85' lang='lat' dir='ltr'><em>von</em></span> <span class='ocrx_word' id='word_1_216' title='bbox 306 1901 398 1931; x_wconf 81' lang='lat' dir='ltr'><em>dem</em></span> <span class='ocrx_word' id='word_1_217' title='bbox 429 1902 651 1932; x_wconf 79' lang='lat' dir='ltr'><strong>Ansehen.</strong></span> <span class='ocrx_word' id='word_1_218' title='bbox 689 1901 773 1932; x_wconf 82' lang='lat' dir='ltr'><strong>Crit.</strong></span> <span class='ocrx_word' id='word_1_219' title='bbox 800 1911 829 1931; x_wconf 87' lang='lat' dir='ltr'><em>c.</em></span> 
     </span>
     <span class='ocr_line' id='line_1_35' title="bbox 189 1942 828 1987; baseline 0.002 -10"><span class='ocrx_word' id='word_1_220' title='bbox 189 1946 229 1979; x_wconf 89' lang='lat'><em>3:</em></span> <span class='ocrx_word' id='word_1_221' title='bbox 265 1942 343 1977; x_wconf 57' lang='grc' dir='ltr'><em>ἀλλὰ</em></span> <span class='ocrx_word' id='word_1_222' title='bbox 375 1947 477 1986; x_wconf 76' lang='grc' dir='ltr'><em>χωρὶς</em></span> <span class='ocrx_word' id='word_1_223' title='bbox 507 1945 566 1985; x_wconf 79' lang='grc' dir='ltr'><em>μὲν</em></span> <span class='ocrx_word' id='word_1_224' title='bbox 600 1947 661 1978; x_wconf 82' lang='grc' dir='ltr'><em>τοῦ</em></span> <span class='ocrx_word' id='word_1_225' title='bbox 693 1945 828 1987; x_wconf 82' lang='grc' dir='ltr'><em>ἐστερῆ-</em></span> 
     </span>
     <span class='ocr_line' id='line_1_36' title="bbox 191 1989 831 2033; baseline -0.002 -10"><span class='ocrx_word' id='word_1_226' title='bbox 191 1992 275 2023; x_wconf 77' lang='grc' dir='ltr'><em>σθαι</em></span> <span class='ocrx_word' id='word_1_227' title='bbox 301 1989 462 2023; x_wconf 83' lang='grc' dir='ltr'><em>τοιούτου</em></span> <span class='ocrx_word' id='word_1_228' title='bbox 487 1991 527 2023; x_wconf 78' lang='grc' dir='ltr'><em>ἐπ</em></span> <span class='ocrx_word' id='word_1_229' title='bbox 532 1991 679 2033; x_wconf 81' lang='grc' dir='ltr'><em>ιτηδεισυ</em></span> <span class='ocrx_word' id='word_1_230' title='bbox 706 2011 747 2017; x_wconf 85' lang='lat'><em>--</em></span> <span class='ocrx_word' id='word_1_231' title='bbox 786 1992 831 2022; x_wconf 77' lang='grc' dir='ltr'><em>ἐτι</em></span> 
     </span>
     <span class='ocr_line' id='line_1_37' title="bbox 191 2037 832 2078; baseline -0.002 -9"><span class='ocrx_word' id='word_1_232' title='bbox 191 2037 227 2069; x_wconf 82' lang='grc' dir='ltr'><em>δὲ</em></span> <span class='ocrx_word' id='word_1_233' title='bbox 260 2038 313 2068; x_wconf 84' lang='grc' dir='ltr'><em>καὶ</em></span> <span class='ocrx_word' id='word_1_234' title='bbox 347 2039 484 2069; x_wconf 73' lang='grc' dir='ltr'><em>πολλοῖς</em></span> <span class='ocrx_word' id='word_1_235' title='bbox 523 2037 615 2078; x_wconf 81' lang='grc' dir='ltr'><em>δόξω</em></span> <span class='ocrx_word' id='word_1_236' title='bbox 651 2038 715 2069; x_wconf 73' lang='grc' dir='ltr'><em>κτλ.</em></span> <span class='ocrx_word' id='word_1_237' title='bbox 769 2038 832 2068; x_wconf 85' lang='lat' dir='ltr'><em>ubi</em></span> 
     </span>
     <span class='ocr_line' id='line_1_38' title="bbox 190 2083 830 2126; baseline 0 -10"><span class='ocrx_word' id='word_1_238' title='bbox 190 2085 270 2116; x_wconf 79' lang='lat' dir='ltr'><strong>vide</strong></span> <span class='ocrx_word' id='word_1_239' title='bbox 299 2090 419 2116; x_wconf 85' lang='lat' dir='ltr'><strong>annot.</strong></span> <span class='ocrx_word' id='word_1_240' title='bbox 456 2084 567 2126; x_wconf 81' lang='lat' dir='ltr'><strong>Legg.</strong></span> <span class='ocrx_word' id='word_1_241' title='bbox 611 2095 644 2126; x_wconf 90' lang='lat' dir='ltr'><em>p.</em></span> <span class='ocrx_word' id='word_1_242' title='bbox 678 2083 755 2117; x_wconf 77' lang='lat'><strong>814.</strong></span> <span class='ocrx_word' id='word_1_243' title='bbox 791 2084 830 2116; x_wconf 90' lang='lat' dir='ltr'><em>C.</em></span> 
     </span>
     <span class='ocr_line' id='line_1_39' title="bbox 193 2126 831 2171; baseline -0.002 -10"><span class='ocrx_word' id='word_1_244' title='bbox 193 2127 353 2169; x_wconf 75' lang='grc' dir='ltr'><em>οὐδαμῶς</em></span> <span class='ocrx_word' id='word_1_245' title='bbox 393 2128 563 2171; x_wconf 65' lang='grc' dir='ltr'><em>εὔσχημον</em></span> <span class='ocrx_word' id='word_1_246' title='bbox 603 2126 742 2171; x_wconf 82' lang='grc' dir='ltr'><em>γίγνοιτ’</em></span> <span class='ocrx_word' id='word_1_247' title='bbox 790 2126 831 2160; x_wconf 83' lang='grc' dir='ltr'><em>ἂν</em></span> 
     </span>
     <span class='ocr_line' id='line_1_40' title="bbox 195 2173 830 2216; baseline -0.003 -9"><span class='ocrx_word' id='word_1_248' title='bbox 195 2177 257 2208; x_wconf 87' lang='grc' dir='ltr'><em>τοῦ</em></span> <span class='ocrx_word' id='word_1_249' title='bbox 284 2177 393 2207; x_wconf 84' lang='grc' dir='ltr'><em>κακοῦ</em></span> <span class='ocrx_word' id='word_1_250' title='bbox 417 2177 519 2216; x_wconf 71' lang='grc' dir='ltr'><em>χωρὶς</em></span> <span class='ocrx_word' id='word_1_251' title='bbox 545 2177 646 2207; x_wconf 82' lang='grc' dir='ltr'><em>τοῦτο</em></span> <span class='ocrx_word' id='word_1_252' title='bbox 673 2175 709 2207; x_wconf 77' lang='grc' dir='ltr'><em>ἐν</em></span> <span class='ocrx_word' id='word_1_253' title='bbox 735 2173 830 2206; x_wconf 71' lang='grc' dir='ltr'><em>πόλει</em></span> 
     </span>
     <span class='ocr_line' id='line_1_41' title="bbox 195 2221 832 2264; baseline -0.002 -11"><span class='ocrx_word' id='word_1_254' title='bbox 195 2221 285 2254; x_wconf 84' lang='grc' dir='ltr'><em>ὅπου</em></span> <span class='ocrx_word' id='word_1_255' title='bbox 302 2224 463 2264; x_wconf 78' lang='grc' dir='ltr'><em>γίγνοιτο,</em></span> <span class='ocrx_word' id='word_1_256' title='bbox 477 2222 638 2264; x_wconf 81' lang='lat' dir='ltr'><strong>Sympos.</strong></span> <span class='ocrx_word' id='word_1_257' title='bbox 659 2222 777 2263; x_wconf 73' lang='lat' dir='ltr'><strong>p.173.</strong></span> <span class='ocrx_word' id='word_1_258' title='bbox 793 2221 832 2253; x_wconf 90' lang='lat' dir='ltr'><em>C.</em></span> 
     </span>
     <span class='ocr_line' id='line_1_42' title="bbox 192 2264 831 2310; baseline -0.003 -10"><span class='ocrx_word' id='word_1_259' title='bbox 192 2270 294 2310; x_wconf 77' lang='grc' dir='ltr'><em>χωρὶς</em></span> <span class='ocrx_word' id='word_1_260' title='bbox 341 2270 403 2300; x_wconf 84' lang='grc' dir='ltr'><em>τοῦ</em></span> <span class='ocrx_word' id='word_1_261' title='bbox 447 2268 585 2300; x_wconf 69' lang='grc' dir='ltr'><em>οἴεσθαι</em></span> <span class='ocrx_word' id='word_1_262' title='bbox 624 2264 831 2308; x_wconf 69' lang='grc' dir='ltr'><em>ὠφελεῖσθαι</em></span> 
     </span>
     <span class='ocr_line' id='line_1_43' title="bbox 193 2311 830 2355; baseline 0.003 -9"><span class='ocrx_word' id='word_1_263' title='bbox 193 2312 382 2355; x_wconf 71' lang='grc' dir='ltr'><em>ὑπερφυῶς</em></span> <span class='ocrx_word' id='word_1_264' title='bbox 411 2311 457 2346; x_wconf 74' lang='grc' dir='ltr'><em>ὥς</em></span> <span class='ocrx_word' id='word_1_265' title='bbox 487 2318 601 2355; x_wconf 80' lang='grc' dir='ltr'><em>χαίρω.</em></span> <span class='ocrx_word' id='word_1_266' title='bbox 634 2315 724 2346; x_wconf 88' lang='lat' dir='ltr'><strong>Ibid.</strong></span> <span class='ocrx_word' id='word_1_267' title='bbox 750 2313 830 2348; x_wconf 75' lang='lat'><em>184-</em></span> 
     </span>
     <span class='ocr_line' id='line_1_44' title="bbox 195 2360 832 2402; baseline -0.003 -10"><span class='ocrx_word' id='word_1_268' title='bbox 195 2362 233 2395; x_wconf 78' lang='grc' dir='ltr'><em>Β.</em></span> <span class='ocrx_word' id='word_1_269' title='bbox 267 2362 437 2394; x_wconf 81' lang='lat' dir='ltr'><strong>Herodot.</strong></span> <span class='ocrx_word' id='word_1_270' title='bbox 470 2362 498 2392; x_wconf 93' lang='lat'><em>1.</em></span> <span class='ocrx_word' id='word_1_271' title='bbox 531 2361 584 2395; x_wconf 83' lang='lat'><strong>93.</strong></span> <span class='ocrx_word' id='word_1_272' title='bbox 628 2361 729 2402; x_wconf 79' lang='grc' dir='ltr'><em>χωρὶς</em></span> <span class='ocrx_word' id='word_1_273' title='bbox 766 2360 832 2391; x_wconf 82' lang='grc' dir='ltr'><em>τῶν</em></span> 
     </span>
     <span class='ocr_line' id='line_1_45' title="bbox 193 2403 829 2449; baseline -0.002 -11"><span class='ocrx_word' id='word_1_274' title='bbox 193 2406 389 2449; x_wconf 77' lang='grc' dir='ltr'><em>Αἰγυπτίων</em></span> <span class='ocrx_word' id='word_1_275' title='bbox 414 2407 534 2449; x_wconf 78' lang='grc' dir='ltr'><em>ἔργων.</em></span> <span class='ocrx_word' id='word_1_276' title='bbox 560 2427 599 2430; x_wconf 92' lang='grc'>-</span> <span class='ocrx_word' id='word_1_277' title='bbox 633 2407 721 2438; x_wconf 78' lang='lat' dir='ltr'><em>Mox</em></span> <span class='ocrx_word' id='word_1_278' title='bbox 746 2403 829 2437; x_wconf 77' lang='grc' dir='ltr'><em>ἀπο-</em></span> 
     </span>
     <span class='ocr_line' id='line_1_46' title="bbox 194 2451 830 2495; baseline -0.002 -10"><span class='ocrx_word' id='word_1_279' title='bbox 194 2451 336 2495; x_wconf 63' lang='grc' dir='ltr'><em>φεύγειν</em></span> <span class='ocrx_word' id='word_1_280' title='bbox 352 2458 404 2485; x_wconf 82' lang='lat' dir='ltr'><em>est</em></span> <span class='ocrx_word' id='word_1_281' title='bbox 429 2454 595 2485; x_wconf 81' lang='lat' dir='ltr'><strong>salvum</strong></span> <span class='ocrx_word' id='word_1_282' title='bbox 621 2453 830 2493; x_wconf 80' lang='lat' dir='ltr'>evadere,</span> 
     </span>
     <span class='ocr_line' id='line_1_47' title="bbox 193 2501 378 2532; baseline 0 -1"><span class='ocrx_word' id='word_1_283' title='bbox 193 2501 378 2532; x_wconf 81' lang='lat' dir='ltr'><strong>absolvi.</strong></span> 
     </span>
    </p>

    <p class='ocr_par' dir='ltr' id='par_1_14' title="bbox 192 2542 829 2818">
     <span class='ocr_line' id='line_1_48' title="bbox 239 2542 829 2587; baseline -0.005 -10"><span class='ocrx_word' id='word_1_284' title='bbox 239 2546 278 2578; x_wconf 94' lang='lat' dir='ltr'><strong>C.</strong></span> <span class='ocrx_word' id='word_1_285' title='bbox 314 2544 383 2577; x_wconf 75' lang='grc' dir='ltr'><em>ἐπὶ</em></span> <span class='ocrx_word' id='word_1_286' title='bbox 422 2542 559 2587; x_wconf 83' lang='grc' dir='ltr'><em>τούτῳ</em></span> <span class='ocrx_word' id='word_1_287' title='bbox 591 2563 635 2568; x_wconf 94' lang='lat'><em>——-</em></span> <span class='ocrx_word' id='word_1_288' title='bbox 672 2543 738 2575; x_wconf 82' lang='grc' dir='ltr'><em>ἐπὶ</em></span> <span class='ocrx_word' id='word_1_289' title='bbox 778 2555 829 2585; x_wconf 81' lang='grc' dir='ltr'><em>τῳ</em></span> 
     </span>
     <span class='ocr_line' id='line_1_49' title="bbox 194 2588 830 2646; baseline -0.003 -23"><span class='ocrx_word' id='word_1_290' title='bbox 194 2591 556 2646; x_wconf 76' lang='grc' dir='ltr'><em>καταχαρίζεσθαι</em></span> <span class='ocrx_word' id='word_1_291' title='bbox 582 2602 607 2622; x_wconf 91' lang='grc' dir='ltr'><em>τ.</em></span> <span class='ocrx_word' id='word_1_292' title='bbox 632 2588 659 2624; x_wconf 89' lang='grc' dir='ltr'><em>δ</em></span> <span class='ocrx_word' id='word_1_293' title='bbox 670 2591 684 2631; x_wconf 83' lang='grc'>]</span> <span class='ocrx_word' id='word_1_294' title='bbox 709 2590 830 2630; x_wconf 77' lang='lat' dir='ltr'><strong>Lysid-</strong></span> 
     </span>
     <span class='ocr_line' id='line_1_50' title="bbox 192 2633 830 2691; baseline -0.011 -18"><span class='ocrx_word' id='word_1_295' title='bbox 192 2649 225 2678; x_wconf 87' lang='lat' dir='ltr'>p</span> <span class='ocrx_word' id='word_1_296' title='bbox 240 2639 318 2691; x_wconf 57' lang='lat'><em>219:</em></span> <span class='ocrx_word' id='word_1_297' title='bbox 336 2639 377 2671; x_wconf 85' lang='lat' dir='ltr'><em>E.</em></span> <span class='ocrx_word' id='word_1_298' title='bbox 405 2639 496 2669; x_wconf 82' lang='grc' dir='ltr'><em>πᾶσα</em></span> <span class='ocrx_word' id='word_1_299' title='bbox 523 2633 542 2679; x_wconf 83' lang='grc' dir='ltr'><em>ἦ</em></span> <span class='ocrx_word' id='word_1_300' title='bbox 561 2635 698 2678; x_wconf 85' lang='grc' dir='ltr'><em>τοιαύτη</em></span> <span class='ocrx_word' id='word_1_301' title='bbox 723 2646 830 2668; x_wconf 88' lang='grc' dir='ltr'><em>σπου-</em></span> 
     </span>
     <span class='ocr_line' id='line_1_51' title="bbox 195 2680 829 2724; baseline -0.003 -10"><span class='ocrx_word' id='word_1_302' title='bbox 195 2682 237 2724; x_wconf 83' lang='grc' dir='ltr'><em>δὴ</em></span> <span class='ocrx_word' id='word_1_303' title='bbox 269 2680 333 2716; x_wconf 81' lang='grc' dir='ltr'><em>οὐκ</em></span> <span class='ocrx_word' id='word_1_304' title='bbox 371 2683 424 2715; x_wconf 81' lang='grc' dir='ltr'><em>ἐπὶ</em></span> <span class='ocrx_word' id='word_1_305' title='bbox 457 2681 592 2715; x_wconf 77' lang='grc' dir='ltr'><em>τούτοις</em></span> <span class='ocrx_word' id='word_1_306' title='bbox 634 2680 730 2714; x_wconf 77' lang='grc' dir='ltr'><em>ἕνεκά</em></span> <span class='ocrx_word' id='word_1_307' title='bbox 768 2692 829 2713; x_wconf 87' lang='grc' dir='ltr'><em>του</em></span> 
     </span>
     <span class='ocr_line' id='line_1_52' title="bbox 195 2727 827 2785; baseline 0.003 -25"><span class='ocrx_word' id='word_1_308' title='bbox 195 2729 562 2785; x_wconf 75' lang='grc' dir='ltr'><em>παρασκευαζομέιοις.</em></span> <span class='ocrx_word' id='word_1_309' title='bbox 578 2729 686 2771; x_wconf 84' lang='lat' dir='ltr'><strong>Gorg.</strong></span> <span class='ocrx_word' id='word_1_310' title='bbox 702 2740 736 2771; x_wconf 91' lang='lat' dir='ltr'><em>p.</em></span> <span class='ocrx_word' id='word_1_311' title='bbox 747 2727 827 2762; x_wconf 93' lang='lat'><strong>474.</strong></span> 
     </span>
     <span class='ocr_line' id='line_1_53' title="bbox 193 2772 828 2818; baseline -0.002 -11"><span class='ocrx_word' id='word_1_312' title='bbox 193 2776 235 2810; x_wconf 83' lang='lat' dir='ltr'><em>E.</em></span> <span class='ocrx_word' id='word_1_313' title='bbox 266 2787 309 2807; x_wconf 86' lang='grc' dir='ltr'><em>ου</em></span> <span class='ocrx_word' id='word_1_314' title='bbox 334 2775 446 2818; x_wconf 84' lang='grc' dir='ltr'><em>δήπου</em></span> <span class='ocrx_word' id='word_1_315' title='bbox 477 2774 575 2808; x_wconf 82' lang='grc' dir='ltr'><em>ἐκτὸς</em></span> <span class='ocrx_word' id='word_1_316' title='bbox 606 2774 736 2808; x_wconf 82' lang='grc' dir='ltr'><em>τούτων</em></span> <span class='ocrx_word' id='word_1_317' title='bbox 760 2772 828 2806; x_wconf 81' lang='grc' dir='ltr'><em>ἐστὶ</em></span> 
     </span>
    </p>
   </div>
   <div class='ocr_carea' id='block_1_11' title="bbox 892 1577 1538 2814">
    <p class='ocr_par' dir='ltr' id='par_1_15' title="bbox 892 1577 1534 1794">
     <span class='ocr_line' id='line_1_54' title="bbox 893 1577 1534 1621; baseline 0.003 -12"><span class='ocrx_word' id='word_1_318' title='bbox 893 1577 953 1611; x_wconf 88' lang='lat' dir='ltr'><em>Gr.</em></span> <span class='ocrx_word' id='word_1_319' title='bbox 987 1579 1020 1617; x_wconf 63' lang='grc' dir='ltr'><em>ἓ.</em></span> <span class='ocrx_word' id='word_1_320' title='bbox 1051 1577 1130 1612; x_wconf 74' lang='lat'><strong>47⁸).</strong></span> <span class='ocrx_word' id='word_1_321' title='bbox 1165 1578 1195 1610; x_wconf 78' lang='lat'><em>2.</em></span> <span class='ocrx_word' id='word_1_322' title='bbox 1229 1578 1264 1618; x_wconf 81' lang='grc' dir='ltr'>β</span> <span class='ocrx_word' id='word_1_323' title='bbox 1291 1598 1333 1601; x_wconf 86' lang='lat'><strong>—</strong></span> <span class='ocrx_word' id='word_1_324' title='bbox 1359 1582 1534 1621; x_wconf 85' lang='grc' dir='ltr'><em>καταχαρί-</em></span> 
     </span>
     <span class='ocr_line' id='line_1_55' title="bbox 892 1621 1534 1664; baseline 0.002 -9"><span class='ocrx_word' id='word_1_325' title='bbox 892 1623 1013 1664; x_wconf 74' lang='grc' dir='ltr'><em>ζεσθαι</em></span> <span class='ocrx_word' id='word_1_326' title='bbox 1062 1621 1100 1654; x_wconf 86' lang='grc' dir='ltr'><em>τὸ</em></span> <span class='ocrx_word' id='word_1_327' title='bbox 1140 1622 1272 1654; x_wconf 84' lang='grc' dir='ltr'><em>δικαιον</em></span> <span class='ocrx_word' id='word_1_328' title='bbox 1315 1631 1366 1656; x_wconf 85' lang='lat' dir='ltr'><em>est</em></span> <span class='ocrx_word' id='word_1_329' title='bbox 1410 1627 1534 1658; x_wconf 82' lang='lat' dir='ltr'><strong>iusti-</strong></span> 
     </span>
     <span class='ocr_line' id='line_1_56' title="bbox 893 1670 1534 1711; baseline 0.006 -11"><span class='ocrx_word' id='word_1_330' title='bbox 893 1671 996 1701; x_wconf 86' lang='lat' dir='ltr'><strong>tiam</strong></span> <span class='ocrx_word' id='word_1_331' title='bbox 1027 1670 1194 1701; x_wconf 79' lang='lat' dir='ltr'>donare</span> <span class='ocrx_word' id='word_1_332' title='bbox 1235 1673 1427 1711; x_wconf 82' lang='lat' dir='ltr'>gratiae3</span> <span class='ocrx_word' id='word_1_333' title='bbox 1466 1673 1534 1704; x_wconf 88' lang='lat' dir='ltr'><em>ius</em></span> 
     </span>
     <span class='ocr_line' id='line_1_57' title="bbox 893 1716 1534 1760; baseline 0.006 -13"><span class='ocrx_word' id='word_1_334' title='bbox 893 1716 1143 1756; x_wconf 80' lang='lat' dir='ltr'>negligere,</span> <span class='ocrx_word' id='word_1_335' title='bbox 1175 1726 1256 1757; x_wconf 92' lang='lat' dir='ltr'><em>quo</em></span> <span class='ocrx_word' id='word_1_336' title='bbox 1283 1718 1416 1749; x_wconf 77' lang='lat' dir='ltr'>alteri</span> <span class='ocrx_word' id='word_1_337' title='bbox 1444 1729 1534 1760; x_wconf 86' lang='lat' dir='ltr'>gra-</span> 
     </span>
     <span class='ocr_line' id='line_1_58' title="bbox 895 1762 1163 1794; baseline 0 -1"><span class='ocrx_word' id='word_1_338' title='bbox 895 1768 982 1793; x_wconf 82' lang='lat' dir='ltr'><em>tum</em></span> <span class='ocrx_word' id='word_1_339' title='bbox 1007 1762 1163 1794; x_wconf 82' lang='lat' dir='ltr'><strong>facias.</strong></span> 
     </span>
    </p>

    <p class='ocr_par' dir='ltr' id='par_1_16' title="bbox 897 1803 1538 2355">
     <span class='ocr_line' id='line_1_59' title="bbox 942 1803 1534 1849; baseline 0.005 -11"><span class='ocrx_word' id='word_1_340' title='bbox 942 1808 1008 1838; x_wconf 83' lang='grc' dir='ltr'><em>καὶ</em></span> <span class='ocrx_word' id='word_1_341' title='bbox 1037 1803 1285 1849; x_wconf 77' lang='grc' dir='ltr'><em>ὀμώμοκεν]</em></span> <span class='ocrx_word' id='word_1_342' title='bbox 1311 1808 1534 1841; x_wconf 80' lang='lat' dir='ltr'>Demosth-</span> 
     </span>
     <span class='ocr_line' id='line_1_60' title="bbox 897 1853 1535 1894; baseline 0.005 -9"><span class='ocrx_word' id='word_1_343' title='bbox 897 1865 925 1885; x_wconf 76' lang='grc' dir='ltr'><em>ο.</em></span> <span class='ocrx_word' id='word_1_344' title='bbox 962 1853 1150 1885; x_wconf 78' lang='lat' dir='ltr'><strong>Timocrat.</strong></span> <span class='ocrx_word' id='word_1_345' title='bbox 1187 1864 1220 1894; x_wconf 88' lang='lat' dir='ltr'><em>p.</em></span> <span class='ocrx_word' id='word_1_346' title='bbox 1244 1853 1310 1887; x_wconf 84' lang='lat'><em>747</em></span> <span class='ocrx_word' id='word_1_347' title='bbox 1341 1855 1394 1886; x_wconf 86' lang='lat' dir='ltr'><em>ed.</em></span> <span class='ocrx_word' id='word_1_348' title='bbox 1416 1854 1535 1889; x_wconf 80' lang='lat' dir='ltr'><strong>Reisk.</strong></span> 
     </span>
     <span class='ocr_line' id='line_1_61' title="bbox 898 1898 1535 1940; baseline 0.005 -11"><span class='ocrx_word' id='word_1_349' title='bbox 898 1900 1094 1940; x_wconf 79' lang='grc' dir='ltr'><em>ψηφιοῦμαι</em></span> <span class='ocrx_word' id='word_1_350' title='bbox 1120 1898 1202 1930; x_wconf 81' lang='grc' dir='ltr'><em>κατὰ</em></span> <span class='ocrx_word' id='word_1_351' title='bbox 1228 1898 1310 1931; x_wconf 76' lang='grc' dir='ltr'><em>τοὺς</em></span> <span class='ocrx_word' id='word_1_352' title='bbox 1333 1899 1465 1940; x_wconf 76' lang='grc' dir='ltr'><em>νόμους</em></span> <span class='ocrx_word' id='word_1_353' title='bbox 1482 1903 1535 1932; x_wconf 89' lang='grc' dir='ltr'><em>καὶ</em></span> 
     </span>
     <span class='ocr_line' id='line_1_62' title="bbox 899 1944 1538 1989; baseline 0.005 -13"><span class='ocrx_word' id='word_1_354' title='bbox 899 1944 937 1977; x_wconf 84' lang='grc' dir='ltr'><em>τὰ</em></span> <span class='ocrx_word' id='word_1_355' title='bbox 962 1947 1163 1986; x_wconf 75' lang='grc' dir='ltr'><em>ψηφίσματα</em></span> <span class='ocrx_word' id='word_1_356' title='bbox 1188 1946 1251 1977; x_wconf 87' lang='grc' dir='ltr'><em>τοῦ</em></span> <span class='ocrx_word' id='word_1_357' title='bbox 1276 1944 1385 1987; x_wconf 66' lang='grc' dir='ltr'><em>δήμου</em></span> <span class='ocrx_word' id='word_1_358' title='bbox 1404 1948 1457 1978; x_wconf 82' lang='grc' dir='ltr'><em>καὶ</em></span> <span class='ocrx_word' id='word_1_359' title='bbox 1479 1948 1538 1989; x_wconf 72' lang='grc' dir='ltr'><em>τῆς</em></span> 
     </span>
     <span class='ocr_line' id='line_1_63' title="bbox 899 1992 1537 2032; baseline 0.005 -10"><span class='ocrx_word' id='word_1_360' title='bbox 899 1992 1107 2032; x_wconf 65' lang='grc' dir='ltr'><em>βουλῆςτῶι</em></span> <span class='ocrx_word' id='word_1_361' title='bbox 1125 1996 1368 2025; x_wconf 83' lang='grc' dir='ltr'><em>πεντακοσίων,</em></span> <span class='ocrx_word' id='word_1_362' title='bbox 1382 1995 1537 2025; x_wconf 85' lang='lat' dir='ltr'>Pollux</span> 
     </span>
     <span class='ocr_line' id='line_1_64' title="bbox 901 2035 1537 2091; baseline 0.003 -23"><span class='ocrx_word' id='word_1_363' title='bbox 901 2037 1026 2069; x_wconf 90' lang='lat' dir='ltr'><strong>Onom.</strong></span> <span class='ocrx_word' id='word_1_364' title='bbox 1058 2038 1158 2070; x_wconf 81' lang='lat' dir='ltr'><strong>V.111</strong></span> <span class='ocrx_word' id='word_1_365' title='bbox 1195 2038 1272 2071; x_wconf 79' lang='lat'><strong>122.</strong></span> <span class='ocrx_word' id='word_1_366' title='bbox 1318 2035 1337 2069; x_wconf 81' lang='grc' dir='ltr'><em>ὁ</em></span> <span class='ocrx_word' id='word_1_367' title='bbox 1370 2038 1406 2070; x_wconf 86' lang='grc' dir='ltr'><em>δὲ</em></span> <span class='ocrx_word' id='word_1_368' title='bbox 1431 2037 1537 2091; x_wconf 74' lang='grc' dir='ltr'><em>ὅρκος</em></span> 
     </span>
     <span class='ocr_line' id='line_1_65' title="bbox 901 2079 1536 2138; baseline 0.006 -25"><span class='ocrx_word' id='word_1_369' title='bbox 901 2079 942 2124; x_wconf 73' lang='grc' dir='ltr'><em>ἦν</em></span> <span class='ocrx_word' id='word_1_370' title='bbox 973 2083 1039 2113; x_wconf 81' lang='grc' dir='ltr'><em>τῶν</em></span> <span class='ocrx_word' id='word_1_371' title='bbox 1071 2082 1255 2114; x_wconf 79' lang='grc' dir='ltr'><em>δικαστῶν·</em></span> <span class='ocrx_word' id='word_1_372' title='bbox 1292 2085 1366 2138; x_wconf 81' lang='grc' dir='ltr'><em>περὶ</em></span> <span class='ocrx_word' id='word_1_373' title='bbox 1397 2085 1457 2124; x_wconf 84' lang='grc' dir='ltr'><em>μὲν</em></span> <span class='ocrx_word' id='word_1_374' title='bbox 1488 2079 1536 2116; x_wconf 78' lang='grc' dir='ltr'><em>ὦν</em></span> 
     </span>
     <span class='ocr_line' id='line_1_66' title="bbox 900 2126 1536 2187; baseline 0.005 -28"><span class='ocrx_word' id='word_1_375' title='bbox 900 2126 1001 2168; x_wconf 69' lang='grc' dir='ltr'><em>τόμοι</em></span> <span class='ocrx_word' id='word_1_376' title='bbox 1042 2128 1124 2166; x_wconf 82' lang='grc' dir='ltr'><em>εἰσί</em></span> <span class='ocrx_word' id='word_1_377' title='bbox 1165 2126 1246 2160; x_wconf 82' lang='grc' dir='ltr'><em>κατὰ</em></span> <span class='ocrx_word' id='word_1_378' title='bbox 1286 2128 1367 2161; x_wconf 70' lang='grc' dir='ltr'><em>τούς</em></span> <span class='ocrx_word' id='word_1_379' title='bbox 1406 2129 1536 2187; x_wconf 63' lang='grc' dir='ltr'><em>νόμους</em></span> 
     </span>
     <span class='ocr_line' id='line_1_67' title="bbox 899 2169 1535 2218; baseline 0.005 -13"><span class='ocrx_word' id='word_1_380' title='bbox 899 2175 1125 2216; x_wconf 78' lang='grc' dir='ltr'><em>ψηφιεῖσθαι·</em></span> <span class='ocrx_word' id='word_1_381' title='bbox 1159 2186 1233 2216; x_wconf 83' lang='grc' dir='ltr'><em>περι</em></span> <span class='ocrx_word' id='word_1_382' title='bbox 1259 2173 1295 2206; x_wconf 82' lang='grc' dir='ltr'><em>δὲ</em></span> <span class='ocrx_word' id='word_1_383' title='bbox 1320 2169 1367 2207; x_wconf 77' lang='grc' dir='ltr'><em>ὧι</em></span> <span class='ocrx_word' id='word_1_384' title='bbox 1391 2175 1436 2218; x_wconf 87' lang='grc' dir='ltr'><em>μή</em></span> <span class='ocrx_word' id='word_1_385' title='bbox 1461 2177 1535 2215; x_wconf 83' lang='grc' dir='ltr'><em>ει’,σι</em></span> 
     </span>
     <span class='ocr_line' id='line_1_68' title="bbox 901 2218 1535 2262; baseline 0.005 -10"><span class='ocrx_word' id='word_1_386' title='bbox 901 2219 989 2252; x_wconf 80' lang='grc' dir='ltr'><em>σὺν</em></span> <span class='ocrx_word' id='word_1_387' title='bbox 983 2219 1095 2262; x_wconf 70' lang='grc' dir='ltr'><em>’νεώμῃ</em></span> <span class='ocrx_word' id='word_1_388' title='bbox 1112 2218 1313 2262; x_wconf 80' lang='grc' dir='ltr'><em>δικαιοτάτῃ,</em></span> <span class='ocrx_word' id='word_1_389' title='bbox 1334 2233 1366 2253; x_wconf 79' lang='lat' dir='ltr'><em>v.</em></span> <span class='ocrx_word' id='word_1_390' title='bbox 1384 2224 1535 2255; x_wconf 85' lang='lat' dir='ltr'><strong>Meier.</strong></span> 
     </span>
     <span class='ocr_line' id='line_1_69' title="bbox 899 2266 1536 2311; baseline 0 -13"><span class='ocrx_word' id='word_1_391' title='bbox 899 2273 932 2299; x_wconf 79' lang='lat' dir='ltr'><em>et</em></span> <span class='ocrx_word' id='word_1_392' title='bbox 962 2266 1244 2299; x_wconf 85' lang='lat' dir='ltr'><strong>Schoemann.</strong></span> <span class='ocrx_word' id='word_1_393' title='bbox 1278 2269 1304 2299; x_wconf 96' lang='lat' dir='ltr'><em>I.</em></span> <span class='ocrx_word' id='word_1_394' title='bbox 1339 2279 1367 2300; x_wconf 88' lang='lat' dir='ltr'><em>c.</em></span> <span class='ocrx_word' id='word_1_395' title='bbox 1403 2280 1436 2311; x_wconf 85' lang='lat' dir='ltr'><em>p.</em></span> <span class='ocrx_word' id='word_1_396' title='bbox 1470 2270 1536 2304; x_wconf 74' lang='lat'><em>128</em></span> 
     </span>
     <span class='ocr_line' id='line_1_70' title="bbox 899 2312 1174 2358; baseline 0.004 -13"><span class='ocrx_word' id='word_1_397' title='bbox 899 2324 951 2354; x_wconf 89' lang='lat' dir='ltr'><em>sq.</em></span> <span class='ocrx_word' id='word_1_398' title='bbox 979 2319 1012 2345; x_wconf 85' lang='lat' dir='ltr'><em>et</em></span> <span class='ocrx_word' id='word_1_399' title='bbox 1036 2324 1071 2358; x_wconf 95' lang='lat' dir='ltr'><em>p.</em></span> <span class='ocrx_word' id='word_1_400' title='bbox 1097 2312 1174 2346; x_wconf 82' lang='lat'><strong>135.</strong></span> 
     </span>
    </p>

    <p class='ocr_par' dir='ltr' id='par_1_17' title="bbox 897 2356 1536 2631">
     <span class='ocr_line' id='line_1_71' title="bbox 943 2356 1535 2401; baseline 0.003 -11.01"><span class='ocrx_word' id='word_1_401' title='bbox 943 2358 996 2401; x_wconf 91' lang='grc' dir='ltr'><em>μὴ</em></span> <span class='ocrx_word' id='word_1_402' title='bbox 1022 2359 1099 2391; x_wconf 87' lang='grc' dir='ltr'><em>οὑν</em></span> <span class='ocrx_word' id='word_1_403' title='bbox 1124 2356 1321 2401; x_wconf 78' lang='grc' dir='ltr'><em>ἀξιοῦτε]</em></span> <span class='ocrx_word' id='word_1_404' title='bbox 1354 2361 1387 2392; x_wconf 89' lang='lat' dir='ltr'><em>h.</em></span> <span class='ocrx_word' id='word_1_405' title='bbox 1412 2372 1440 2392; x_wconf 84' lang='lat' dir='ltr'><em>e.</em></span> <span class='ocrx_word' id='word_1_406' title='bbox 1463 2371 1535 2392; x_wconf 93' lang='lat' dir='ltr'><em>no-</em></span> 
     </span>
     <span class='ocr_line' id='line_1_72' title="bbox 897 2407 1535 2447; baseline 0.005 -11"><span class='ocrx_word' id='word_1_407' title='bbox 897 2407 979 2437; x_wconf 77' lang='lat' dir='ltr'>lite</span> <span class='ocrx_word' id='word_1_408' title='bbox 1004 2407 1145 2447; x_wconf 83' lang='lat' dir='ltr'>igitur</span> <span class='ocrx_word' id='word_1_409' title='bbox 1168 2410 1330 2446; x_wconf 77' lang='lat' dir='ltr'><strong>putare.</strong></span> <span class='ocrx_word' id='word_1_410' title='bbox 1371 2407 1459 2438; x_wconf 82' lang='lat' dir='ltr'><em>Mox</em></span> <span class='ocrx_word' id='word_1_411' title='bbox 1473 2418 1535 2439; x_wconf 92' lang='lat' dir='ltr'><em>no-</em></span> 
     </span>
     <span class='ocr_line' id='line_1_73' title="bbox 898 2452 1536 2484; baseline 0.003 -2"><span class='ocrx_word' id='word_1_412' title='bbox 898 2452 1005 2483; x_wconf 84' lang='lat' dir='ltr'>tanda</span> <span class='ocrx_word' id='word_1_413' title='bbox 1039 2456 1092 2484; x_wconf 80' lang='lat' dir='ltr'><em>est</em></span> <span class='ocrx_word' id='word_1_414' title='bbox 1128 2453 1313 2484; x_wconf 81' lang='lat' dir='ltr'>collocatio</span> <span class='ocrx_word' id='word_1_415' title='bbox 1350 2453 1536 2484; x_wconf 84' lang='lat' dir='ltr'>verborum</span> 
     </span>
     <span class='ocr_line' id='line_1_74' title="bbox 897 2493 1534 2540; baseline 0.003 -12"><span class='ocrx_word' id='word_1_416' title='bbox 897 2495 919 2527; x_wconf 71' lang='grc' dir='ltr'><em>ἵι</em></span> <span class='ocrx_word' id='word_1_417' title='bbox 945 2495 1026 2539; x_wconf 79' lang='grc' dir='ltr'><em>μήτε</em></span> <span class='ocrx_word' id='word_1_418' title='bbox 1050 2495 1196 2540; x_wconf 82' lang='grc' dir='ltr'><em>ἠγοῦμαι</em></span> <span class='ocrx_word' id='word_1_419' title='bbox 1214 2496 1294 2528; x_wconf 72' lang='grc' dir='ltr'><em>καλὰ</em></span> <span class='ocrx_word' id='word_1_420' title='bbox 1318 2493 1412 2536; x_wconf 74' lang='grc' dir='ltr'><em>εἶναι,</em></span> <span class='ocrx_word' id='word_1_421' title='bbox 1437 2500 1534 2530; x_wconf 81' lang='lat' dir='ltr'><strong>cuius</strong></span> 
     </span>
     <span class='ocr_line' id='line_1_75' title="bbox 898 2541 1536 2597; baseline 0.003 -23"><span class='ocrx_word' id='word_1_422' title='bbox 898 2544 976 2575; x_wconf 84' lang='lat' dir='ltr'>loco</span> <span class='ocrx_word' id='word_1_423' title='bbox 1007 2545 1162 2586; x_wconf 86' lang='lat' dir='ltr'>vulgaris</span> <span class='ocrx_word' id='word_1_424' title='bbox 1197 2544 1287 2575; x_wconf 81' lang='lat' dir='ltr'>ratio</span> <span class='ocrx_word' id='word_1_425' title='bbox 1311 2545 1482 2597; x_wconf 83' lang='lat' dir='ltr'>exigebat</span> <span class='ocrx_word' id='word_1_426' title='bbox 1514 2541 1536 2575; x_wconf 73' lang='grc' dir='ltr'><em>ἃ</em></span> 
     </span>
     <span class='ocr_line' id='line_1_76' title="bbox 901 2585 1383 2632; baseline -0.002 -11"><span class='ocrx_word' id='word_1_427' title='bbox 901 2586 1050 2631; x_wconf 79' lang='grc' dir='ltr'><em>ἡγοῦμαι</em></span> <span class='ocrx_word' id='word_1_428' title='bbox 1075 2588 1156 2632; x_wconf 79' lang='grc' dir='ltr'><em>μήτε</em></span> <span class='ocrx_word' id='word_1_429' title='bbox 1181 2587 1264 2620; x_wconf 78' lang='grc' dir='ltr'><em>καλὰ</em></span> <span class='ocrx_word' id='word_1_430' title='bbox 1288 2585 1383 2623; x_wconf 83' lang='grc' dir='ltr'><em>εἶναι,</em></span> 
     </span>
    </p>

    <p class='ocr_par' dir='ltr' id='par_1_18' title="bbox 895 2634 1536 2814">
     <span class='ocr_line' id='line_1_77' title="bbox 945 2634 1534 2676; baseline -0.002 -9"><span class='ocrx_word' id='word_1_431' title='bbox 945 2634 1082 2668; x_wconf 71' lang='grc' dir='ltr'><em>ἄλλως</em></span> <span class='ocrx_word' id='word_1_432' title='bbox 1107 2646 1147 2667; x_wconf 85' lang='grc' dir='ltr'><em>τε</em></span> <span class='ocrx_word' id='word_1_433' title='bbox 1170 2634 1319 2674; x_wconf 84' lang='grc' dir='ltr'><em>μέντοι</em></span> <span class='ocrx_word' id='word_1_434' title='bbox 1344 2636 1410 2676; x_wconf 94' lang='grc'><em>-]</em></span> <span class='ocrx_word' id='word_1_435' title='bbox 1445 2636 1478 2667; x_wconf 95' lang='lat' dir='ltr'><em>h.</em></span> <span class='ocrx_word' id='word_1_436' title='bbox 1505 2646 1534 2668; x_wconf 88' lang='lat' dir='ltr'><em>e.</em></span> 
     </span>
     <span class='ocr_line' id='line_1_78' title="bbox 900 2683 1536 2723; baseline -0.003 -9"><span class='ocrx_word' id='word_1_437' title='bbox 900 2693 1030 2723; x_wconf 90' lang='lat' dir='ltr'>quum</span> <span class='ocrx_word' id='word_1_438' title='bbox 1054 2683 1168 2714; x_wconf 85' lang='lat' dir='ltr'>alias</span> <span class='ocrx_word' id='word_1_439' title='bbox 1192 2683 1416 2722; x_wconf 81' lang='lat' dir='ltr'>profecto,</span> <span class='ocrx_word' id='word_1_440' title='bbox 1448 2686 1536 2713; x_wconf 83' lang='lat' dir='ltr'><em>tum</em></span> 
     </span>
     <span class='ocr_line' id='line_1_79' title="bbox 896 2728 1535 2769; baseline 0 -9"><span class='ocrx_word' id='word_1_441' title='bbox 896 2729 1081 2760; x_wconf 82' lang='lat' dir='ltr'>maxime</span> <span class='ocrx_word' id='word_1_442' title='bbox 1119 2737 1252 2768; x_wconf 86' lang='lat' dir='ltr'><strong>nune,</strong></span> <span class='ocrx_word' id='word_1_443' title='bbox 1302 2738 1429 2769; x_wconf 89' lang='lat' dir='ltr'><strong>quum</strong></span> <span class='ocrx_word' id='word_1_444' title='bbox 1464 2728 1535 2760; x_wconf 90' lang='lat' dir='ltr'><em>im-</em></span> 
     </span>
     <span class='ocr_line' id='line_1_80' title="bbox 895 2775 1536 2814; baseline 0 -8"><span class='ocrx_word' id='word_1_445' title='bbox 895 2775 1090 2814; x_wconf 83' lang='lat' dir='ltr'><strong>pietatis</strong></span> <span class='ocrx_word' id='word_1_446' title='bbox 1123 2779 1360 2806; x_wconf 84' lang='lat' dir='ltr'><strong>accusatus</strong></span> <span class='ocrx_word' id='word_1_447' title='bbox 1394 2784 1481 2806; x_wconf 88' lang='lat' dir='ltr'><em>sum</em></span> <span class='ocrx_word' id='word_1_448' title='bbox 1515 2784 1536 2806; x_wconf 84' lang='lat' dir='ltr'>a</span> 
     </span>
    </p>
   </div>
  </div>
 </body>
</html>
