<?xml version="1.0" encoding="UTF-8"?>
<!DOCTYPE html PUBLIC "-//W3C//DTD XHTML 1.0 Transitional//EN"
    "http://www.w3.org/TR/xhtml1/DTD/xhtml1-transitional.dtd">
<html xmlns="http://www.w3.org/1999/xhtml" xml:lang="en" lang="en">
 <head>
  <title>
</title>
<meta http-equiv="Content-Type" content="text/html;charset=utf-8" />
  <meta name='ocr-system' content='tesseract 3.04.00' />
  <meta name='ocr-capabilities' content='ocr_page ocr_carea ocr_par ocr_line ocrx_word'/>
</head>
<body>
  <div class='ocr_page' id='page_1' title='image "./n1operaomniarecens01platuoft/n1operaomniarecens01platuoft_0299.png"; bbox 0 0 1644 3039; ppageno 0'>
   <div class='ocr_carea' id='block_1_1' title="bbox 79 153 1454 995">
    <p class='ocr_par' dir='ltr' id='par_1_1' title="bbox 79 153 1454 995">
     <span class='ocr_line' id='line_1_1' title="bbox 464 153 1445 198; baseline 0.002 -3"><span class='ocrx_word' id='word_1_1' title='bbox 464 153 500 195; x_wconf 87' lang='lat' dir='ltr'>C</span> <span class='ocrx_word' id='word_1_2' title='bbox 532 154 571 196; x_wconf 80' lang='lat' dir='ltr'><strong>R</strong></span> <span class='ocrx_word' id='word_1_3' title='bbox 602 154 623 194; x_wconf 93' lang='lat' dir='ltr'>I</span> <span class='ocrx_word' id='word_1_4' title='bbox 655 154 691 194; x_wconf 85' lang='lat' dir='ltr'>T</span> <span class='ocrx_word' id='word_1_5' title='bbox 725 155 779 196; x_wconf 76' lang='lat' dir='ltr'><strong>O.</strong></span> <span class='ocrx_word' id='word_1_6' title='bbox 821 155 871 197; x_wconf 91' lang='lat' dir='ltr'><strong>P.</strong></span> <span class='ocrx_word' id='word_1_7' title='bbox 903 157 974 196; x_wconf 83' lang='lat'><strong>47.</strong></span> <span class='ocrx_word' id='word_1_8' title='bbox 1010 155 1074 198; x_wconf 82' lang='lat' dir='ltr'><strong>St.</strong></span> <span class='ocrx_word' id='word_1_9' title='bbox 1364 158 1445 197; x_wconf 70' lang='lat'><strong>217</strong></span> 
     </span>
     <span class='ocr_line' id='line_1_2' title="bbox 80 267 1449 327; baseline 0.001 -15"><span class='ocrx_word' id='word_1_10' title='bbox 80 267 184 320; x_wconf 79' lang='grc' dir='ltr'><em>τοὺς</em></span> <span class='ocrx_word' id='word_1_11' title='bbox 220 273 431 320; x_wconf 77' lang='grc' dir='ltr'><strong><em>ἐπαίνους</em></strong></span> <span class='ocrx_word' id='word_1_12' title='bbox 475 268 580 320; x_wconf 83' lang='grc' dir='ltr'><em>τοὺς</em></span> <span class='ocrx_word' id='word_1_13' title='bbox 615 271 694 312; x_wconf 86' lang='grc' dir='ltr'><strong>τοῦ</strong></span> <span class='ocrx_word' id='word_1_14' title='bbox 730 268 828 320; x_wconf 81' lang='grc' dir='ltr'><em>ἐνὸς</em></span> <span class='ocrx_word' id='word_1_15' title='bbox 875 274 1055 326; x_wconf 73' lang='grc' dir='ltr'><em>ἐκείνου,</em></span> <span class='ocrx_word' id='word_1_16' title='bbox 1093 269 1203 313; x_wconf 73' lang='grc' dir='ltr'><em>α’λλτὲ</em></span> <span class='ocrx_word' id='word_1_17' title='bbox 1249 271 1308 327; x_wconf 74' lang='grc' dir='ltr'><strong>μή</strong></span> <span class='ocrx_word' id='word_1_18' title='bbox 1345 270 1449 322; x_wconf 83' lang='grc' dir='ltr'><em>τοὺς</em></span> 
     </span>
     <span class='ocr_line' id='line_1_3' title="bbox 79 336 1447 398; baseline 0.001 -19"><span class='ocrx_word' id='word_1_19' title='bbox 79 338 168 379; x_wconf 79' lang='grc' dir='ltr'><strong>τῶν</strong></span> <span class='ocrx_word' id='word_1_20' title='bbox 203 339 395 380; x_wconf 79' lang='grc' dir='ltr'><strong>πολλῶν.</strong></span> <span class='ocrx_word' id='word_1_21' title='bbox 447 338 538 380; x_wconf 82' lang='grc' dir='ltr'><strong>ΚΡ.</strong></span> <span class='ocrx_word' id='word_1_22' title='bbox 588 339 708 389; x_wconf 84' lang='grc' dir='ltr'><em>Δῆλα</em></span> <span class='ocrx_word' id='word_1_23' title='bbox 747 338 815 389; x_wconf 82' lang='grc' dir='ltr'><strong>δή.</strong></span> <span class='ocrx_word' id='word_1_24' title='bbox 854 338 955 379; x_wconf 80' lang='grc' dir='ltr'><strong>ΣΩ.</strong></span> <span class='ocrx_word' id='word_1_25' title='bbox 1012 337 1161 398; x_wconf 74' lang='grc' dir='ltr'><em>Ταύτῃ</em></span> <span class='ocrx_word' id='word_1_26' title='bbox 1195 336 1286 393; x_wconf 71' lang='grc' dir='ltr'><strong>ἄρα</strong></span> <span class='ocrx_word' id='word_1_27' title='bbox 1323 338 1447 394; x_wconf 81' lang='grc' dir='ltr'><em>αὐτῷ</em></span> 
     </span>
     <span class='ocr_line' id='line_1_4' title="bbox 79 407 1447 460; baseline 0.002 -15"><span class='ocrx_word' id='word_1_28' title='bbox 79 409 298 459; x_wconf 75' lang='grc' dir='ltr'><strong><em>πρακτέον</em></strong></span> <span class='ocrx_word' id='word_1_29' title='bbox 333 407 406 446; x_wconf 84' lang='grc' dir='ltr'><strong>καὶ</strong></span> <span class='ocrx_word' id='word_1_30' title='bbox 445 408 718 459; x_wconf 74' lang='grc' dir='ltr'><em>γυμναστέον</em></span> <span class='ocrx_word' id='word_1_31' title='bbox 755 407 827 446; x_wconf 80' lang='grc' dir='ltr'><strong>καὶ</strong></span> <span class='ocrx_word' id='word_1_32' title='bbox 863 408 1059 448; x_wconf 78' lang='grc' dir='ltr'><em>ἐϋεστεόν</em></span> <span class='ocrx_word' id='word_1_33' title='bbox 1098 422 1143 460; x_wconf 68' lang='grc' dir='ltr'><strong>γε</strong></span> <span class='ocrx_word' id='word_1_34' title='bbox 1176 409 1248 447; x_wconf 79' lang='grc' dir='ltr'><strong>καὶ</strong></span> <span class='ocrx_word' id='word_1_35' title='bbox 1271 411 1447 455; x_wconf 72' lang='grc' dir='ltr'><em>ποτέον,</em></span> 
     </span>
     <span class='ocr_line' id='line_1_5' title="bbox 79 464 1449 531; baseline 0.001 -19"><span class='ocrx_word' id='word_1_36' title='bbox 79 464 104 530; x_wconf 72' lang='grc' dir='ltr'><strong><em>ᾖ</em></strong></span> <span class='ocrx_word' id='word_1_37' title='bbox 140 468 198 513; x_wconf 83' lang='grc' dir='ltr'><strong>ἂν</strong></span> <span class='ocrx_word' id='word_1_38' title='bbox 235 473 295 524; x_wconf 77' lang='grc' dir='ltr'><strong>τῷ</strong></span> <span class='ocrx_word' id='word_1_39' title='bbox 333 475 394 513; x_wconf 75' lang='grc' dir='ltr'><strong>ἑνὶ</strong></span> <span class='ocrx_word' id='word_1_40' title='bbox 431 472 535 531; x_wconf 79' lang='grc' dir='ltr'><em>δοκῇ</em></span> <span class='ocrx_word' id='word_1_41' title='bbox 584 472 642 525; x_wconf 81' lang='grc' dir='ltr'><strong>τῷ</strong></span> <span class='ocrx_word' id='word_1_42' title='bbox 681 470 893 531; x_wconf 67' lang='grc' dir='ltr'><em>ἐπιστάτῃ</em></span> <span class='ocrx_word' id='word_1_43' title='bbox 931 475 1002 513; x_wconf 79' lang='grc' dir='ltr'><strong>καὶ</strong></span> <span class='ocrx_word' id='word_1_44' title='bbox 1040 475 1240 515; x_wconf 80' lang='grc' dir='ltr'><em>ὲπαΐοντι</em></span> <span class='ocrx_word' id='word_1_45' title='bbox 1277 474 1449 526; x_wconf 76' lang='grc' dir='ltr'><em>μᾶλλον</em></span> 
     </span>
     <span class='ocr_line' id='line_1_6' title="bbox 79 531 1448 597; baseline 0.002 -18"><span class='ocrx_word' id='word_1_46' title='bbox 79 535 107 589; x_wconf 78' lang='grc' dir='ltr'>ἢ</span> <span class='ocrx_word' id='word_1_47' title='bbox 155 531 180 597; x_wconf 72' lang='grc' dir='ltr'><em>ᾗ</em></span> <span class='ocrx_word' id='word_1_48' title='bbox 227 538 421 593; x_wconf 79' lang='grc' dir='ltr'><em>ξύμπασι</em></span> <span class='ocrx_word' id='word_1_49' title='bbox 479 546 572 587; x_wconf 87' lang='grc' dir='ltr'><em>τοῖς</em></span> <span class='ocrx_word' id='word_1_50' title='bbox 618 536 784 587; x_wconf 81' lang='grc' dir='ltr'><strong>ἄλλοις.</strong></span> <span class='ocrx_word' id='word_1_51' title='bbox 840 538 934 580; x_wconf 82' lang='grc' dir='ltr'><strong>ΚΡ.</strong></span> <span class='ocrx_word' id='word_1_52' title='bbox 970 538 1091 580; x_wconf 77' lang='grc' dir='ltr'><em>’Ἐστι</em></span> <span class='ocrx_word' id='word_1_53' title='bbox 1137 541 1293 581; x_wconf 88' lang='grc' dir='ltr'><em>ταῦτα.</em></span> <span class='ocrx_word' id='word_1_54' title='bbox 1343 539 1448 582; x_wconf 83' lang='grc' dir='ltr'><strong>ΣΩ.</strong></span> 
     </span>
     <span class='ocr_line' id='line_1_7' title="bbox 84 603 1449 659; baseline 0.002 -13"><span class='ocrx_word' id='word_1_55' title='bbox 84 603 196 647; x_wconf 82' lang='grc' dir='ltr'><strong>Εἶεν.</strong></span> <span class='ocrx_word' id='word_1_56' title='bbox 229 604 487 657; x_wconf 74' lang='grc' dir='ltr'><em>ἀπειθήσας</em></span> <span class='ocrx_word' id='word_1_57' title='bbox 522 607 566 646; x_wconf 79' lang='grc' dir='ltr'><strong>δὲ</strong></span> <span class='ocrx_word' id='word_1_58' title='bbox 605 606 664 659; x_wconf 81' lang='grc' dir='ltr'><strong>τῷ</strong></span> <span class='ocrx_word' id='word_1_59' title='bbox 702 608 764 647; x_wconf 83' lang='grc' dir='ltr'><strong>ἑνὶ</strong></span> <span class='ocrx_word' id='word_1_60' title='bbox 803 608 875 647; x_wconf 83' lang='grc' dir='ltr'><strong>καὶ</strong></span> <span class='ocrx_word' id='word_1_61' title='bbox 913 605 1137 659; x_wconf 71' lang='grc' dir='ltr'><em>ἀτιμάσας</em></span> <span class='ocrx_word' id='word_1_62' title='bbox 1184 606 1327 649; x_wconf 83' lang='grc' dir='ltr'><em>αὐτοῦ</em></span> <span class='ocrx_word' id='word_1_63' title='bbox 1367 605 1449 659; x_wconf 76' lang='grc' dir='ltr'><strong>τὴν</strong></span> 
     </span>
     <span class='ocr_line' id='line_1_8' title="bbox 85 669 1452 726; baseline 0.002 -13"><span class='ocrx_word' id='word_1_64' title='bbox 85 669 222 723; x_wconf 82' lang='grc' dir='ltr'><em>δόξαν</em></span> <span class='ocrx_word' id='word_1_65' title='bbox 259 674 331 714; x_wconf 77' lang='grc' dir='ltr'><strong>καὶ</strong></span> <span class='ocrx_word' id='word_1_66' title='bbox 369 669 474 721; x_wconf 86' lang='grc' dir='ltr'><em>τοὺς</em></span> <span class='ocrx_word' id='word_1_67' title='bbox 510 675 738 723; x_wconf 81' lang='grc' dir='ltr'><em>ἐπαίνους,</em></span> <span class='ocrx_word' id='word_1_68' title='bbox 777 672 963 726; x_wconf 81' lang='grc' dir='ltr'><em>τιμήσας</em></span> <span class='ocrx_word' id='word_1_69' title='bbox 999 674 1043 714; x_wconf 82' lang='grc' dir='ltr'><strong>δὲ</strong></span> <span class='ocrx_word' id='word_1_70' title='bbox 1082 671 1188 723; x_wconf 75' lang='grc' dir='ltr'><em>τοὺς</em></span> <span class='ocrx_word' id='word_1_71' title='bbox 1222 675 1310 715; x_wconf 81' lang='grc' dir='ltr'><strong>τῶν</strong></span> <span class='ocrx_word' id='word_1_72' title='bbox 1345 677 1452 716; x_wconf 79' lang='grc' dir='ltr'><em>πολ-</em></span> 
     </span>
     <span class='ocr_line' id='line_1_9' title="bbox 83 731 1450 794; baseline 0.002 -14"><span class='ocrx_word' id='word_1_73' title='bbox 83 739 172 780; x_wconf 84' lang='grc' dir='ltr'><strong>λῶν</strong></span> <span class='ocrx_word' id='word_1_74' title='bbox 209 740 281 781; x_wconf 81' lang='grc' dir='ltr'><strong>καὶ</strong></span> <span class='ocrx_word' id='word_1_75' title='bbox 317 741 452 793; x_wconf 85' lang='grc' dir='ltr'><em>μηδὲν</em></span> <span class='ocrx_word' id='word_1_76' title='bbox 488 738 732 782; x_wconf 79' lang='grc' dir='ltr'><em>ἐπαϊόντων</em></span> <span class='ocrx_word' id='word_1_77' title='bbox 769 731 859 794; x_wconf 72' lang='grc' dir='ltr'><strong>ἆρα</strong></span> <span class='ocrx_word' id='word_1_78' title='bbox 897 738 1028 782; x_wconf 75' lang='grc' dir='ltr'><em>οὐδὲν</em></span> <span class='ocrx_word' id='word_1_79' title='bbox 1066 738 1207 782; x_wconf 84' lang='grc' dir='ltr'><em>κακὸν</em></span> <span class='ocrx_word' id='word_1_80' title='bbox 1234 744 1450 793; x_wconf 79' lang='grc' dir='ltr'><em>πει’σεται;</em></span> 
     </span>
     <span class='ocr_line' id='line_1_10' title="bbox 86 803 1454 862; baseline 0.003 -15"><span class='ocrx_word' id='word_1_81' title='bbox 86 805 192 848; x_wconf 87' lang='grc' dir='ltr'><strong>ΚΣ.</strong></span> <span class='ocrx_word' id='word_1_82' title='bbox 232 808 339 856; x_wconf 83' lang='grc' dir='ltr'><strong>Πῶς</strong></span> <span class='ocrx_word' id='word_1_83' title='bbox 373 803 460 862; x_wconf 75' lang='grc' dir='ltr'><strong>γὰρ</strong></span> <span class='ocrx_word' id='word_1_84' title='bbox 499 804 576 858; x_wconf 67' lang='grc' dir='ltr'><strong>οὓς</strong></span> <span class='ocrx_word' id='word_1_85' title='bbox 613 805 716 848; x_wconf 80' lang='grc' dir='ltr'><strong>ΣΩ.</strong></span> <span class='ocrx_word' id='word_1_86' title='bbox 762 808 815 849; x_wconf 88' lang='grc' dir='ltr'><strong>Τι’</strong></span> <span class='ocrx_word' id='word_1_87' title='bbox 850 805 882 848; x_wconf 81' lang='grc' dir='ltr'><strong>δ’</strong></span> <span class='ocrx_word' id='word_1_88' title='bbox 925 811 1015 849; x_wconf 74' lang='grc' dir='ltr'><em>ἔστι</em></span> <span class='ocrx_word' id='word_1_89' title='bbox 1054 804 1102 848; x_wconf 81' lang='grc' dir='ltr'><strong>τὸ</strong></span> <span class='ocrx_word' id='word_1_90' title='bbox 1129 805 1268 849; x_wconf 79' lang='grc' dir='ltr'><em>κακὸν</em></span> <span class='ocrx_word' id='word_1_91' title='bbox 1294 810 1454 858; x_wconf 88' lang='grc' dir='ltr'><em>τοῦτο,·</em></span> 
     </span>
     <span class='ocr_line' id='line_1_11' title="bbox 82 873 1450 926; baseline 0.001 -12"><span class='ocrx_word' id='word_1_92' title='bbox 82 874 154 914; x_wconf 85' lang='grc' dir='ltr'><strong>καὶ</strong></span> <span class='ocrx_word' id='word_1_93' title='bbox 191 881 270 915; x_wconf 82' lang='grc' dir='ltr'><strong>ποῖ</strong></span> <span class='ocrx_word' id='word_1_94' title='bbox 306 876 444 921; x_wconf 77' lang='grc' dir='ltr'><em>τείνει,</em></span> <span class='ocrx_word' id='word_1_95' title='bbox 483 876 555 915; x_wconf 81' lang='grc' dir='ltr'><strong>καὶ</strong></span> <span class='ocrx_word' id='word_1_96' title='bbox 593 877 652 922; x_wconf 83' lang='grc' dir='ltr'><strong>εὶς</strong></span> <span class='ocrx_word' id='word_1_97' title='bbox 675 877 715 915; x_wconf 89' lang='grc' dir='ltr'><strong>τί</strong></span> <span class='ocrx_word' id='word_1_98' title='bbox 749 876 837 916; x_wconf 86' lang='grc' dir='ltr'><strong>τῶν</strong></span> <span class='ocrx_word' id='word_1_99' title='bbox 868 876 946 916; x_wconf 87' lang='grc' dir='ltr'><strong>τοῦ</strong></span> <span class='ocrx_word' id='word_1_100' title='bbox 984 873 1317 926; x_wconf 70' lang='grc' dir='ltr'><em>ἀπειθοῦντος-ς</em></span> <span class='ocrx_word' id='word_1_101' title='bbox 1360 876 1450 916; x_wconf 80' lang='grc' dir='ltr'><strong>ΚΡ.</strong></span> 
     </span>
     <span class='ocr_line' id='line_1_12' title="bbox 83 938 1452 995; baseline 0.001 -13"><span class='ocrx_word' id='word_1_102' title='bbox 83 941 252 991; x_wconf 79' lang='grc' dir='ltr'><em>Δῆλον,</em></span> <span class='ocrx_word' id='word_1_103' title='bbox 297 938 367 982; x_wconf 82' lang='grc' dir='ltr'><strong>ὅτι</strong></span> <span class='ocrx_word' id='word_1_104' title='bbox 402 944 460 989; x_wconf 78' lang='grc' dir='ltr'><strong>εὶς</strong></span> <span class='ocrx_word' id='word_1_105' title='bbox 498 939 546 982; x_wconf 88' lang='grc' dir='ltr'><strong>τὸ</strong></span> <span class='ocrx_word' id='word_1_106' title='bbox 584 942 732 995; x_wconf 81' lang='grc' dir='ltr'><em>σῶμα·</em></span> <span class='ocrx_word' id='word_1_107' title='bbox 772 942 907 984; x_wconf 91' lang='grc' dir='ltr'><em>τοῦτο</em></span> <span class='ocrx_word' id='word_1_108' title='bbox 945 939 1032 995; x_wconf 76' lang='grc' dir='ltr'><strong>γάρ</strong></span> <span class='ocrx_word' id='word_1_109' title='bbox 1073 939 1306 984; x_wconf 79' lang='grc' dir='ltr'><strong>διόλλυσιυ.</strong></span> <span class='ocrx_word' id='word_1_110' title='bbox 1346 942 1452 983; x_wconf 82' lang='grc' dir='ltr'><strong>ΣΩ..</strong></span> 
     </span>
    </p>
   </div>
   <div class='ocr_carea' id='block_1_2' title="bbox 85 1069 737 1149">
    <p class='ocr_par' dir='ltr' id='par_1_2' title="bbox 85 1069 737 1149">
     <span class='ocr_line' id='line_1_13' title="bbox 86 1069 737 1113; baseline 0.005 -13"><span class='ocrx_word' id='word_1_111' title='bbox 86 1070 140 1101; x_wconf 75' lang='grc' dir='ltr'><strong>καὶ</strong></span> <span class='ocrx_word' id='word_1_112' title='bbox 167 1082 190 1101; x_wconf 86' lang='grc' dir='ltr'><strong>τ.</strong></span> <span class='ocrx_word' id='word_1_113' title='bbox 217 1071 233 1100; x_wconf 76' lang='grc' dir='ltr'><em>λ</em></span> <span class='ocrx_word' id='word_1_114' title='bbox 271 1069 364 1111; x_wconf 89' lang='lat' dir='ltr'><strong>quod</strong></span> <span class='ocrx_word' id='word_1_115' title='bbox 391 1069 527 1103; x_wconf 83' lang='lat' dir='ltr'>redolet</span> <span class='ocrx_word' id='word_1_116' title='bbox 552 1072 737 1113; x_wconf 81' lang='lat' dir='ltr'>glossema.</span> 
     </span>
     <span class='ocr_line' id='line_1_14' title="bbox 85 1116 555 1149; baseline 0.002 -1"><span class='ocrx_word' id='word_1_117' title='bbox 85 1117 134 1148; x_wconf 82' lang='lat' dir='ltr'><strong>cis</strong></span> <span class='ocrx_word' id='word_1_118' title='bbox 162 1117 300 1149; x_wconf 79' lang='lat' dir='ltr'>inclusit</span> <span class='ocrx_word' id='word_1_119' title='bbox 325 1116 555 1149; x_wconf 83' lang='lat' dir='ltr'><strong>Hermann.</strong></span> 
     </span>
    </p>
   </div>
   <div class='ocr_carea' id='block_1_3' title="bbox 89 1160 1455 1242">
    <p class='ocr_par' dir='ltr' id='par_1_3' title="bbox 89 1160 1455 1242">
     <span class='ocr_line' id='line_1_15' title="bbox 179 1160 1455 1202; baseline 0.004 -10"><span class='ocrx_word' id='word_1_120' title='bbox 179 1160 223 1193; x_wconf 82' lang='grc' dir='ltr'><strong>τὸ</strong></span> <span class='ocrx_word' id='word_1_121' title='bbox 259 1160 396 1193; x_wconf 80' lang='grc' dir='ltr'><em>κακὸν</em></span> <span class='ocrx_word' id='word_1_122' title='bbox 429 1163 604 1202; x_wconf 70' lang='grc' dir='ltr'><em>τοῦτοςΙ</em></span> <span class='ocrx_word' id='word_1_123' title='bbox 642 1160 679 1193; x_wconf 85' lang='grc' dir='ltr'><strong>τὸ</strong></span> <span class='ocrx_word' id='word_1_124' title='bbox 719 1162 871 1194; x_wconf 73' lang='lat' dir='ltr'><strong>accessit</strong></span> <span class='ocrx_word' id='word_1_125' title='bbox 907 1172 925 1193; x_wconf 84' lang='lat' dir='ltr'><strong>e</strong></span> <span class='ocrx_word' id='word_1_126' title='bbox 955 1162 1051 1194; x_wconf 86' lang='lat' dir='ltr'><strong>Bodi.</strong></span> <span class='ocrx_word' id='word_1_127' title='bbox 1081 1162 1163 1196; x_wconf 82' lang='lat' dir='ltr'><strong>ven.</strong></span> <span class='ocrx_word' id='word_1_128' title='bbox 1202 1163 1232 1196; x_wconf 87' lang='lat' dir='ltr'><strong>b.</strong></span> <span class='ocrx_word' id='word_1_129' title='bbox 1260 1164 1338 1196; x_wconf 77' lang='lat' dir='ltr'><strong>vat.</strong></span> <span class='ocrx_word' id='word_1_130' title='bbox 1367 1164 1455 1197; x_wconf 77' lang='lat' dir='ltr'><strong>Tul).</strong></span> 
     </span>
     <span class='ocr_line' id='line_1_16' title="bbox 89 1207 1050 1242; baseline 0.001 -4"><span class='ocrx_word' id='word_1_131' title='bbox 89 1207 187 1241; x_wconf 77' lang='lat' dir='ltr'><strong>Vinci,</strong></span> <span class='ocrx_word' id='word_1_132' title='bbox 216 1208 248 1242; x_wconf 90' lang='lat'><strong>1.</strong></span> <span class='ocrx_word' id='word_1_133' title='bbox 274 1208 297 1242; x_wconf 87' lang='lat'>4</span> <span class='ocrx_word' id='word_1_134' title='bbox 334 1209 366 1242; x_wconf 89' lang='grc'><strong>6.</strong></span> <span class='ocrx_word' id='word_1_135' title='bbox 394 1209 424 1242; x_wconf 84' lang='grc'><strong>7.</strong></span> <span class='ocrx_word' id='word_1_136' title='bbox 452 1208 543 1240; x_wconf 82' lang='lat' dir='ltr'><strong>Flor.</strong></span> <span class='ocrx_word' id='word_1_137' title='bbox 570 1210 600 1240; x_wconf 91' lang='lat' dir='ltr'><strong>d.</strong></span> <span class='ocrx_word' id='word_1_138' title='bbox 630 1211 653 1239; x_wconf 82' lang='lat' dir='ltr'><strong>f.</strong></span> <span class='ocrx_word' id='word_1_139' title='bbox 682 1207 711 1240; x_wconf 90' lang='grc' dir='ltr'><strong>Ιι.</strong></span> <span class='ocrx_word' id='word_1_140' title='bbox 743 1209 849 1241; x_wconf 82' lang='lat' dir='ltr'><strong>Huet.</strong></span> <span class='ocrx_word' id='word_1_141' title='bbox 879 1208 954 1239; x_wconf 84' lang='lat' dir='ltr'><strong>Par.</strong></span> <span class='ocrx_word' id='word_1_142' title='bbox 981 1208 1050 1240; x_wconf 83' lang='lat' dir='ltr'><strong>DS.</strong></span> 
     </span>
    </p>
   </div>
   <div class='ocr_carea' id='block_1_4' title="bbox 179 1252 1456 1297">
    <p class='ocr_par' dir='ltr' id='par_1_4' title="bbox 179 1252 1456 1297">
     <span class='ocr_line' id='line_1_17' title="bbox 179 1252 1456 1297; baseline 0.002 -12"><span class='ocrx_word' id='word_1_143' title='bbox 179 1254 344 1297; x_wconf 75' lang='grc' dir='ltr'><em>Δῆλον,</em></span> <span class='ocrx_word' id='word_1_144' title='bbox 373 1252 436 1286; x_wconf 86' lang='grc' dir='ltr'><strong>ὕτι</strong></span> <span class='ocrx_word' id='word_1_145' title='bbox 458 1254 518 1286; x_wconf 81' lang='grc' dir='ltr'><strong>εἰς</strong></span> <span class='ocrx_word' id='word_1_146' title='bbox 544 1252 590 1286; x_wconf 71' lang='lat' dir='ltr'><strong>zo</strong></span> <span class='ocrx_word' id='word_1_147' title='bbox 620 1255 672 1295; x_wconf 73' lang='grc'><strong>0.]</strong></span> <span class='ocrx_word' id='word_1_148' title='bbox 712 1254 785 1286; x_wconf 84' lang='lat' dir='ltr'><strong>Vat.</strong></span> <span class='ocrx_word' id='word_1_149' title='bbox 814 1254 894 1286; x_wconf 85' lang='lat' dir='ltr'><strong>Veu.</strong></span> <span class='ocrx_word' id='word_1_150' title='bbox 931 1254 960 1285; x_wconf 89' lang='lat' dir='ltr'><strong>b.</strong></span> <span class='ocrx_word' id='word_1_151' title='bbox 993 1254 1087 1286; x_wconf 88' lang='lat' dir='ltr'><strong>Viud.</strong></span> <span class='ocrx_word' id='word_1_152' title='bbox 1115 1256 1145 1288; x_wconf 84' lang='grc'><strong>1,</strong></span> <span class='ocrx_word' id='word_1_153' title='bbox 1173 1255 1203 1288; x_wconf 77' lang='lat'><strong>4.</strong></span> <span class='ocrx_word' id='word_1_154' title='bbox 1232 1255 1262 1289; x_wconf 81' lang='lat' dir='ltr'><strong>G.</strong></span> <span class='ocrx_word' id='word_1_155' title='bbox 1298 1256 1327 1289; x_wconf 83' lang='grc'><strong>7.</strong></span> <span class='ocrx_word' id='word_1_156' title='bbox 1364 1255 1456 1287; x_wconf 86' lang='lat' dir='ltr'><strong>Flor.</strong></span> 
     </span>
    </p>
   </div>
   <div class='ocr_carea' id='block_1_5' title="bbox 788 1071 1456 1116">
    <p class='ocr_par' dir='ltr' id='par_1_5' title="bbox 788 1071 1456 1116">
     <span class='ocr_line' id='line_1_18' title="bbox 788 1071 1456 1116; baseline 0 -13"><span class='ocrx_word' id='word_1_157' title='bbox 788 1071 964 1104; x_wconf 87' lang='lat' dir='ltr'><strong>Dederuut</strong></span> <span class='ocrx_word' id='word_1_158' title='bbox 991 1076 1105 1104; x_wconf 82' lang='lat' dir='ltr'><strong>tamen</strong></span> <span class='ocrx_word' id='word_1_159' title='bbox 1132 1072 1358 1116; x_wconf 43' lang='lat' dir='ltr'><strong>Turicenses.</strong></span> <span class='ocrx_word' id='word_1_160' title='bbox 1394 1082 1456 1104; x_wconf 91' lang='lat' dir='ltr'><strong>uu-</strong></span> 
     </span>
    </p>
   </div>
   <div class='ocr_carea' id='block_1_6' title="bbox 88 1297 1456 1426">
    <p class='ocr_par' dir='ltr' id='par_1_6' title="bbox 88 1297 1456 1426">
     <span class='ocr_line' id='line_1_19' title="bbox 88 1297 1455 1340; baseline 0.001 -10"><span class='ocrx_word' id='word_1_161' title='bbox 88 1298 120 1331; x_wconf 89' lang='lat' dir='ltr'><strong>d.</strong></span> <span class='ocrx_word' id='word_1_162' title='bbox 148 1299 169 1330; x_wconf 77' lang='lat' dir='ltr'><strong>s.</strong></span> <span class='ocrx_word' id='word_1_163' title='bbox 196 1300 225 1332; x_wconf 86' lang='grc' dir='ltr'><strong>Ιι.</strong></span> <span class='ocrx_word' id='word_1_164' title='bbox 255 1300 356 1332; x_wconf 72' lang='lat' dir='ltr'><strong>fluet.</strong></span> <span class='ocrx_word' id='word_1_165' title='bbox 389 1300 467 1333; x_wconf 83' lang='lat' dir='ltr'><strong>Par.</strong></span> <span class='ocrx_word' id='word_1_166' title='bbox 495 1301 561 1332; x_wconf 88' lang='lat' dir='ltr'><strong>DS.</strong></span> <span class='ocrx_word' id='word_1_167' title='bbox 589 1301 699 1333; x_wconf 89' lang='lat' dir='ltr'><strong>locum</strong></span> <span class='ocrx_word' id='word_1_168' title='bbox 727 1301 774 1331; x_wconf 87' lang='lat' dir='ltr'><strong>sic</strong></span> <span class='ocrx_word' id='word_1_169' title='bbox 800 1300 962 1340; x_wconf 86' lang='lat' dir='ltr'><strong>scriptum</strong></span> <span class='ocrx_word' id='word_1_170' title='bbox 991 1300 1168 1333; x_wconf 75' lang='lat' dir='ltr'>exhibent:</span> <span class='ocrx_word' id='word_1_171' title='bbox 1194 1319 1238 1324; x_wconf 89' lang='lat'><strong>—-</strong></span> <span class='ocrx_word' id='word_1_172' title='bbox 1265 1297 1455 1333; x_wconf 73' lang='grc' dir='ltr'><em>ἀπειθοῦν-</em></span> 
     </span>
     <span class='ocr_line' id='line_1_20' title="bbox 89 1343 1454 1388; baseline 0.002 -12"><span class='ocrx_word' id='word_1_173' title='bbox 89 1354 166 1383; x_wconf 87' lang='grc' dir='ltr'><em>τος;</em></span> <span class='ocrx_word' id='word_1_174' title='bbox 191 1343 212 1387; x_wconf 75' lang='grc' dir='ltr'><em>ἢ</em></span> <span class='ocrx_word' id='word_1_175' title='bbox 237 1345 342 1388; x_wconf 76' lang='grc' dir='ltr'><em>δῆλον</em></span> <span class='ocrx_word' id='word_1_176' title='bbox 368 1343 418 1378; x_wconf 85' lang='grc' dir='ltr'><strong>ὅτι</strong></span> <span class='ocrx_word' id='word_1_177' title='bbox 450 1365 486 1369; x_wconf 77' lang='lat'><strong>—</strong></span> <span class='ocrx_word' id='word_1_178' title='bbox 514 1345 604 1378; x_wconf 71' lang='grc' dir='ltr'><em>διολλ</em></span> <span class='ocrx_word' id='word_1_179' title='bbox 641 1346 744 1378; x_wconf 91' lang='lat' dir='ltr'><strong>Crit.</strong></span> <span class='ocrx_word' id='word_1_180' title='bbox 774 1345 896 1378; x_wconf 53' lang='lat' dir='ltr'><strong>Kale-35</strong></span> <span class='ocrx_word' id='word_1_181' title='bbox 933 1345 1047 1388; x_wconf 70' lang='grc' dir='ltr'><strong>λὲγεις.</strong></span> <span class='ocrx_word' id='word_1_182' title='bbox 1077 1347 1197 1379; x_wconf 82' lang='lat' dir='ltr'><strong>Socr.</strong></span> <span class='ocrx_word' id='word_1_183' title='bbox 1227 1343 1368 1379; x_wconf 74' lang='grc' dir='ltr'><em>Οὐκοῦν</em></span> <span class='ocrx_word' id='word_1_184' title='bbox 1400 1349 1454 1379; x_wconf 79' lang='grc' dir='ltr'><strong>καὶ</strong></span> 
     </span>
     <span class='ocr_line' id='line_1_21' title="bbox 90 1392 1456 1426; baseline 0.002 -4"><span class='ocrx_word' id='word_1_185' title='bbox 90 1392 154 1422; x_wconf 71' lang='grc' dir='ltr'><strong>κτλ.</strong></span> <span class='ocrx_word' id='word_1_186' title='bbox 206 1392 287 1424; x_wconf 57' lang='lat' dir='ltr'><strong>Mox</strong></span> <span class='ocrx_word' id='word_1_187' title='bbox 317 1392 390 1424; x_wconf 75' lang='lat' dir='ltr'><strong>vat.</strong></span> <span class='ocrx_word' id='word_1_188' title='bbox 421 1392 500 1423; x_wconf 88' lang='lat' dir='ltr'><strong>Ven.</strong></span> <span class='ocrx_word' id='word_1_189' title='bbox 543 1393 576 1424; x_wconf 87' lang='lat' dir='ltr'><strong>b.</strong></span> <span class='ocrx_word' id='word_1_190' title='bbox 615 1392 716 1424; x_wconf 83' lang='lat' dir='ltr'><strong>Vind.</strong></span> <span class='ocrx_word' id='word_1_191' title='bbox 743 1393 774 1426; x_wconf 88' lang='lat'><strong>1.</strong></span> <span class='ocrx_word' id='word_1_192' title='bbox 799 1392 832 1426; x_wconf 81' lang='lat'><strong>4.</strong></span> <span class='ocrx_word' id='word_1_193' title='bbox 858 1392 890 1426; x_wconf 81' lang='lat'><strong>6.</strong></span> <span class='ocrx_word' id='word_1_194' title='bbox 919 1393 949 1425; x_wconf 77' lang='lat'><strong>7.</strong></span> <span class='ocrx_word' id='word_1_195' title='bbox 980 1392 1070 1424; x_wconf 82' lang='lat' dir='ltr'><strong>Flor.</strong></span> <span class='ocrx_word' id='word_1_196' title='bbox 1104 1394 1135 1426; x_wconf 89' lang='lat' dir='ltr'><strong>d.</strong></span> <span class='ocrx_word' id='word_1_197' title='bbox 1172 1393 1200 1426; x_wconf 77' lang='lat' dir='ltr'><strong>l».</strong></span> <span class='ocrx_word' id='word_1_198' title='bbox 1238 1393 1341 1426; x_wconf 83' lang='lat' dir='ltr'><strong>Huet.</strong></span> <span class='ocrx_word' id='word_1_199' title='bbox 1383 1398 1456 1426; x_wconf 79' lang='lat' dir='ltr'><strong>Par.</strong></span> 
     </span>
    </p>
   </div>
   <div class='ocr_carea' id='block_1_7' title="bbox 87 1435 1458 1482">
    <p class='ocr_par' dir='ltr' id='par_1_7' title="bbox 87 1435 1458 1482">
     <span class='ocr_line' id='line_1_22' title="bbox 87 1435 1458 1482; baseline 0.001 -13"><span class='ocrx_word' id='word_1_200' title='bbox 87 1438 162 1472; x_wconf 81' lang='lat' dir='ltr'><strong>DS.</strong></span> <span class='ocrx_word' id='word_1_201' title='bbox 192 1435 347 1476; x_wconf 70' lang='grc' dir='ltr'><em>διολλύει,</em></span> <span class='ocrx_word' id='word_1_202' title='bbox 370 1447 471 1479; x_wconf 85' lang='lat' dir='ltr'><strong>quam</strong></span> <span class='ocrx_word' id='word_1_203' title='bbox 500 1437 644 1470; x_wconf 80' lang='lat' dir='ltr'><strong>sormam</strong></span> <span class='ocrx_word' id='word_1_204' title='bbox 672 1438 905 1470; x_wconf 80' lang='lat' dir='ltr'><strong>Porsonus</strong></span> <span class='ocrx_word' id='word_1_205' title='bbox 937 1438 979 1470; x_wconf 87' lang='lat' dir='ltr'><strong>ad</strong></span> <span class='ocrx_word' id='word_1_206' title='bbox 1009 1439 1099 1473; x_wconf 84' lang='lat' dir='ltr'><strong>Med.</strong></span> <span class='ocrx_word' id='word_1_207' title='bbox 1134 1451 1164 1482; x_wconf 85' lang='lat' dir='ltr'><strong>p.</strong></span> <span class='ocrx_word' id='word_1_208' title='bbox 1197 1439 1276 1473; x_wconf 80' lang='lat'><strong>455.</strong></span> <span class='ocrx_word' id='word_1_209' title='bbox 1303 1441 1458 1481; x_wconf 80' lang='lat' dir='ltr'>tragicis,</span> 
     </span>
    </p>
   </div>
   <div class='ocr_carea' id='block_1_8' title="bbox 90 1549 746 2786">
    <p class='ocr_par' dir='ltr' id='par_1_8' title="bbox 90 1549 746 2786">
     <span class='ocr_line' id='line_1_23' title="bbox 90 1549 732 1593; baseline 0 -10"><span class='ocrx_word' id='word_1_210' title='bbox 90 1549 349 1591; x_wconf 79' lang='lat' dir='ltr'><strong>Fischerus,</strong></span> <span class='ocrx_word' id='word_1_211' title='bbox 389 1551 446 1592; x_wconf 90' lang='lat' dir='ltr'><strong>qui</strong></span> <span class='ocrx_word' id='word_1_212' title='bbox 480 1552 651 1593; x_wconf 73' lang='lat' dir='ltr'>vulgatam</span> <span class='ocrx_word' id='word_1_213' title='bbox 680 1551 732 1583; x_wconf 84' lang='lat' dir='ltr'><strong>le-</strong></span> 
     </span>
     <span class='ocr_line' id='line_1_24' title="bbox 91 1594 731 1639; baseline -0.002 -9"><span class='ocrx_word' id='word_1_214' title='bbox 91 1598 240 1630; x_wconf 76' lang='lat' dir='ltr'>ctionem</span> <span class='ocrx_word' id='word_1_215' title='bbox 279 1594 320 1628; x_wconf 79' lang='grc' dir='ltr'><strong>ὃς</strong></span> <span class='ocrx_word' id='word_1_216' title='bbox 354 1594 397 1628; x_wconf 78' lang='grc' dir='ltr'><strong>ἄν</strong></span> <span class='ocrx_word' id='word_1_217' title='bbox 431 1595 604 1639; x_wconf 78' lang='grc' dir='ltr'><em>τυγχάνει,</em></span> <span class='ocrx_word' id='word_1_218' title='bbox 639 1607 731 1639; x_wconf 83' lang='lat' dir='ltr'><strong>quae</strong></span> 
     </span>
     <span class='ocr_line' id='line_1_25' title="bbox 91 1643 731 1686; baseline -0.003 -10"><span class='ocrx_word' id='word_1_219' title='bbox 91 1645 192 1686; x_wconf 78' lang='lat' dir='ltr'><strong>plane</strong></span> <span class='ocrx_word' id='word_1_220' title='bbox 207 1643 350 1675; x_wconf 75' lang='lat' dir='ltr'><strong>soloeca</strong></span> <span class='ocrx_word' id='word_1_221' title='bbox 365 1646 431 1682; x_wconf 81' lang='lat' dir='ltr'><strong>est,</strong></span> <span class='ocrx_word' id='word_1_222' title='bbox 454 1643 640 1676; x_wconf 78' lang='lat' dir='ltr'><strong>defendere</strong></span> <span class='ocrx_word' id='word_1_223' title='bbox 658 1648 731 1674; x_wconf 86' lang='lat' dir='ltr'><strong>stu—</strong></span> 
     </span>
     <span class='ocr_line' id='line_1_26' title="bbox 93 1686 731 1731; baseline -0.002 -9"><span class='ocrx_word' id='word_1_224' title='bbox 93 1686 353 1727; x_wconf 74' lang='lat' dir='ltr'><strong>duit;l‘alluntur</strong></span> <span class='ocrx_word' id='word_1_225' title='bbox 361 1689 461 1722; x_wconf 80' lang='lat' dir='ltr'><strong>etiam</strong></span> <span class='ocrx_word' id='word_1_226' title='bbox 474 1690 528 1731; x_wconf 81' lang='lat' dir='ltr'><strong>qui</strong></span> <span class='ocrx_word' id='word_1_227' title='bbox 541 1691 731 1731; x_wconf 81' lang='lat' dir='ltr'><strong>optativum</strong></span> 
     </span>
     <span class='ocr_line' id='line_1_27' title="bbox 93 1733 732 1778; baseline -0.002 -11"><span class='ocrx_word' id='word_1_228' title='bbox 93 1733 252 1778; x_wconf 77' lang='grc' dir='ltr'><em>τυγχάνοι</em></span> <span class='ocrx_word' id='word_1_229' title='bbox 283 1741 528 1776; x_wconf 75' lang='lat' dir='ltr'><strong>susceperunt,</strong></span> <span class='ocrx_word' id='word_1_230' title='bbox 562 1736 620 1777; x_wconf 87' lang='lat' dir='ltr'><strong>qui</strong></span> <span class='ocrx_word' id='word_1_231' title='bbox 655 1745 732 1766; x_wconf 80' lang='lat' dir='ltr'><strong>sen-</strong></span> 
     </span>
     <span class='ocr_line' id='line_1_28' title="bbox 93 1781 733 1815; baseline -0.005 -1"><span class='ocrx_word' id='word_1_232' title='bbox 93 1783 236 1815; x_wconf 83' lang='lat' dir='ltr'><strong>teutiam</strong></span> <span class='ocrx_word' id='word_1_233' title='bbox 267 1782 358 1813; x_wconf 81' lang='lat' dir='ltr'><strong>hanc</strong></span> <span class='ocrx_word' id='word_1_234' title='bbox 390 1782 560 1814; x_wconf 81' lang='lat' dir='ltr'><strong>efficeret:</strong></span> <span class='ocrx_word' id='word_1_235' title='bbox 610 1791 656 1813; x_wconf 82' lang='lat' dir='ltr'><strong>an</strong></span> <span class='ocrx_word' id='word_1_236' title='bbox 690 1781 733 1812; x_wconf 88' lang='lat' dir='ltr'><strong>il-</strong></span> 
     </span>
     <span class='ocr_line' id='line_1_29' title="bbox 94 1827 733 1860; baseline -0.003 0"><span class='ocrx_word' id='word_1_237' title='bbox 94 1829 181 1860; x_wconf 85' lang='lat' dir='ltr'><strong>lius</strong></span> <span class='ocrx_word' id='word_1_238' title='bbox 242 1827 397 1860; x_wconf 84' lang='lat' dir='ltr'>audiet</span> <span class='ocrx_word' id='word_1_239' title='bbox 463 1827 733 1859; x_wconf 85' lang='lat' dir='ltr'><strong>sententiam</strong></span> 
     </span>
     <span class='ocr_line' id='line_1_30' title="bbox 95 1873 738 1916; baseline -0.002 -11"><span class='ocrx_word' id='word_1_240' title='bbox 95 1874 347 1916; x_wconf 86' lang='lat' dir='ltr'><strong>quicunque</strong></span> <span class='ocrx_word' id='word_1_241' title='bbox 405 1874 464 1906; x_wconf 82' lang='lat' dir='ltr'><strong>sit</strong></span> <span class='ocrx_word' id='word_1_242' title='bbox 517 1873 738 1914; x_wconf 82' lang='lat' dir='ltr'><strong>magister</strong></span> 
     </span>
     <span class='ocr_line' id='line_1_31' title="bbox 96 1919 737 1953; baseline -0.002 -1"><span class='ocrx_word' id='word_1_243' title='bbox 96 1919 429 1953; x_wconf 76' lang='lat' dir='ltr'><strong>exercitiorum</strong></span> <span class='ocrx_word' id='word_1_244' title='bbox 465 1923 505 1951; x_wconf 85' lang='lat' dir='ltr'><strong>et</strong></span> <span class='ocrx_word' id='word_1_245' title='bbox 531 1919 737 1951; x_wconf 78' lang='lat' dir='ltr'><strong>medicus.</strong></span> 
     </span>
     <span class='ocr_line' id='line_1_32' title="bbox 94 1965 738 2006; baseline -0.006 -7"><span class='ocrx_word' id='word_1_246' title='bbox 94 1965 313 1999; x_wconf 85' lang='lat' dir='ltr'><strong>Creberrime</strong></span> <span class='ocrx_word' id='word_1_247' title='bbox 338 1974 420 1997; x_wconf 81' lang='lat' dir='ltr'><strong>vero</strong></span> <span class='ocrx_word' id='word_1_248' title='bbox 458 1966 491 1996; x_wconf 90' lang='lat' dir='ltr'><strong>in</strong></span> <span class='ocrx_word' id='word_1_249' title='bbox 524 1975 563 1996; x_wconf 88' lang='lat' dir='ltr'><strong>re</strong></span> <span class='ocrx_word' id='word_1_250' title='bbox 597 1974 738 2006; x_wconf 69' lang='lat' dir='ltr'><strong>gymna-</strong></span> 
     </span>
     <span class='ocr_line' id='line_1_33' title="bbox 95 2007 739 2052; baseline -0.005 -8"><span class='ocrx_word' id='word_1_251' title='bbox 95 2012 180 2045; x_wconf 83' lang='lat' dir='ltr'><strong>stica</strong></span> <span class='ocrx_word' id='word_1_252' title='bbox 209 2008 228 2043; x_wconf 84' lang='grc' dir='ltr'>ὁ</span> <span class='ocrx_word' id='word_1_253' title='bbox 254 2009 380 2052; x_wconf 73' lang='grc' dir='ltr'><em>ἰατρός,</em></span> <span class='ocrx_word' id='word_1_254' title='bbox 407 2016 441 2043; x_wconf 88' lang='lat' dir='ltr'><strong>et</strong></span> <span class='ocrx_word' id='word_1_255' title='bbox 466 2007 484 2042; x_wconf 86' lang='grc' dir='ltr'>ὁ</span> <span class='ocrx_word' id='word_1_256' title='bbox 514 2009 739 2051; x_wconf 70' lang='grc' dir='ltr'><em>παιδοτρίβης</em></span> 
     </span>
     <span class='ocr_line' id='line_1_34' title="bbox 95 2056 737 2099; baseline -0.005 -9"><span class='ocrx_word' id='word_1_257' title='bbox 95 2058 352 2097; x_wconf 74' lang='lat' dir='ltr'>consociantur,</span> <span class='ocrx_word' id='word_1_258' title='bbox 386 2062 422 2088; x_wconf 92' lang='lat' dir='ltr'><strong>ut</strong></span> <span class='ocrx_word' id='word_1_259' title='bbox 455 2058 562 2099; x_wconf 80' lang='lat' dir='ltr'><strong>Gorg.</strong></span> <span class='ocrx_word' id='word_1_260' title='bbox 597 2069 627 2099; x_wconf 83' lang='lat' dir='ltr'><strong>p.</strong></span> <span class='ocrx_word' id='word_1_261' title='bbox 659 2056 737 2090; x_wconf 83' lang='lat'><strong>452.</strong></span> 
     </span>
     <span class='ocr_line' id='line_1_35' title="bbox 95 2103 736 2144; baseline -0.002 -8"><span class='ocrx_word' id='word_1_262' title='bbox 95 2105 141 2136; x_wconf 81' lang='lat' dir='ltr'><strong>A.</strong></span> <span class='ocrx_word' id='word_1_263' title='bbox 165 2103 245 2138; x_wconf 87' lang='grc'><strong>456.</strong></span> <span class='ocrx_word' id='word_1_264' title='bbox 279 2103 320 2134; x_wconf 86' lang='grc' dir='ltr'><strong>Ε.</strong></span> <span class='ocrx_word' id='word_1_265' title='bbox 345 2103 425 2138; x_wconf 79' lang='grc'><strong>504.</strong></span> <span class='ocrx_word' id='word_1_266' title='bbox 458 2105 502 2137; x_wconf 83' lang='lat' dir='ltr'><strong>A.</strong></span> <span class='ocrx_word' id='word_1_267' title='bbox 538 2103 680 2143; x_wconf 78' lang='lat' dir='ltr'><strong>Prolag.</strong></span> <span class='ocrx_word' id='word_1_268' title='bbox 706 2114 736 2144; x_wconf 86' lang='lat' dir='ltr'><strong>p.</strong></span> 
     </span>
     <span class='ocr_line' id='line_1_36' title="bbox 95 2149 737 2185; baseline -0.008 0"><span class='ocrx_word' id='word_1_269' title='bbox 95 2149 176 2185; x_wconf 86' lang='lat'><strong>313.</strong></span> <span class='ocrx_word' id='word_1_270' title='bbox 206 2151 245 2181; x_wconf 88' lang='grc' dir='ltr'><strong>Ι).</strong></span> <span class='ocrx_word' id='word_1_271' title='bbox 271 2149 350 2183; x_wconf 80' lang='lat'><strong>326.</strong></span> <span class='ocrx_word' id='word_1_272' title='bbox 382 2150 419 2182; x_wconf 73' lang='lat' dir='ltr'><strong>B.</strong></span> <span class='ocrx_word' id='word_1_273' title='bbox 449 2149 487 2182; x_wconf 94' lang='lat' dir='ltr'><strong>C.</strong></span> <span class='ocrx_word' id='word_1_274' title='bbox 515 2150 557 2183; x_wconf 81' lang='lat' dir='ltr'><strong>al.</strong></span> <span class='ocrx_word' id='word_1_275' title='bbox 600 2149 737 2180; x_wconf 82' lang='lat' dir='ltr'>Etenim</span> 
     </span>
     <span class='ocr_line' id='line_1_37' title="bbox 96 2193 738 2238; baseline -0.005 -10"><span class='ocrx_word' id='word_1_276' title='bbox 96 2196 298 2238; x_wconf 75' lang='lat' dir='ltr'>intelligitur</span> <span class='ocrx_word' id='word_1_277' title='bbox 324 2193 459 2237; x_wconf 78' lang='grc' dir='ltr'><em>ἰατρός,</em></span> <span class='ocrx_word' id='word_1_278' title='bbox 485 2197 542 2235; x_wconf 83' lang='lat' dir='ltr'><strong>qui</strong></span> <span class='ocrx_word' id='word_1_279' title='bbox 569 2195 738 2236; x_wconf 83' lang='lat' dir='ltr'><strong>praescri-</strong></span> 
     </span>
     <span class='ocr_line' id='line_1_38' title="bbox 98 2239 738 2273; baseline -0.006 0"><span class='ocrx_word' id='word_1_280' title='bbox 98 2241 204 2273; x_wconf 84' lang='lat' dir='ltr'><strong>bebat</strong></span> <span class='ocrx_word' id='word_1_281' title='bbox 239 2239 362 2273; x_wconf 75' lang='lat' dir='ltr'><strong>suturis</strong></span> <span class='ocrx_word' id='word_1_282' title='bbox 395 2240 530 2273; x_wconf 77' lang='lat' dir='ltr'>athletis</span> <span class='ocrx_word' id='word_1_283' title='bbox 563 2240 738 2272; x_wconf 84' lang='lat' dir='ltr'><strong>omnibus-</strong></span> 
     </span>
     <span class='ocr_line' id='line_1_39' title="bbox 98 2286 740 2328; baseline -0.003 -10"><span class='ocrx_word' id='word_1_284' title='bbox 98 2296 166 2328; x_wconf 88' lang='lat' dir='ltr'><strong>que</strong></span> <span class='ocrx_word' id='word_1_285' title='bbox 199 2286 256 2325; x_wconf 76' lang='lat' dir='ltr'><strong>iis,</strong></span> <span class='ocrx_word' id='word_1_286' title='bbox 290 2286 346 2326; x_wconf 82' lang='lat' dir='ltr'><strong>qui</strong></span> <span class='ocrx_word' id='word_1_287' title='bbox 379 2287 534 2327; x_wconf 86' lang='lat' dir='ltr'><strong>corporis</strong></span> <span class='ocrx_word' id='word_1_288' title='bbox 568 2286 740 2317; x_wconf 77' lang='lat' dir='ltr'><strong>exercita-</strong></span> 
     </span>
     <span class='ocr_line' id='line_1_40' title="bbox 98 2331 741 2374; baseline -0.003 -10"><span class='ocrx_word' id='word_1_289' title='bbox 98 2331 252 2364; x_wconf 75' lang='lat' dir='ltr'><strong>tionibus</strong></span> <span class='ocrx_word' id='word_1_290' title='bbox 279 2333 461 2364; x_wconf 75' lang='lat' dir='ltr'><strong>utebantur</strong></span> <span class='ocrx_word' id='word_1_291' title='bbox 495 2331 590 2374; x_wconf 80' lang='grc' dir='ltr'><em>(τοῖς</em></span> <span class='ocrx_word' id='word_1_292' title='bbox 615 2342 741 2373; x_wconf 77' lang='grc' dir='ltr'><em>γυμνα-</em></span> 
     </span>
     <span class='ocr_line' id='line_1_41' title="bbox 99 2376 744 2420; baseline 0.002 -11"><span class='ocrx_word' id='word_1_293' title='bbox 99 2376 301 2420; x_wconf 72' lang='grc' dir='ltr'><em>ζομένοις),</em></span> <span class='ocrx_word' id='word_1_294' title='bbox 333 2378 499 2410; x_wconf 84' lang='lat' dir='ltr'><strong>rationem</strong></span> <span class='ocrx_word' id='word_1_295' title='bbox 533 2378 663 2415; x_wconf 75' lang='lat' dir='ltr'><strong>victus.</strong></span> <span class='ocrx_word' id='word_1_296' title='bbox 704 2383 744 2410; x_wconf 91' lang='lat' dir='ltr'><strong>ut</strong></span> 
     </span>
     <span class='ocr_line' id='line_1_42' title="bbox 98 2422 741 2465; baseline 0.003 -9"><span class='ocrx_word' id='word_1_297' title='bbox 98 2423 300 2465; x_wconf 77' lang='lat' dir='ltr'><strong>intelligitur</strong></span> <span class='ocrx_word' id='word_1_298' title='bbox 347 2434 366 2455; x_wconf 84' lang='lat' dir='ltr'><strong>e</strong></span> <span class='ocrx_word' id='word_1_299' title='bbox 404 2422 597 2465; x_wconf 76' lang='lat' dir='ltr'><strong>Xenopli.</strong></span> <span class='ocrx_word' id='word_1_300' title='bbox 636 2423 741 2458; x_wconf 86' lang='lat' dir='ltr'><strong>Mem.</strong></span> 
     </span>
     <span class='ocr_line' id='line_1_43' title="bbox 100 2469 744 2509; baseline -0.002 -6"><span class='ocrx_word' id='word_1_301' title='bbox 100 2469 144 2503; x_wconf 83' lang='grc'><strong>11.</strong></span> <span class='ocrx_word' id='word_1_302' title='bbox 174 2469 207 2509; x_wconf 89' lang='grc'><strong>1,</strong></span> <span class='ocrx_word' id='word_1_303' title='bbox 233 2469 278 2503; x_wconf 83' lang='grc'><strong>25</strong></span> <span class='ocrx_word' id='word_1_304' title='bbox 306 2473 341 2501; x_wconf 87' lang='lat' dir='ltr'><strong>et</strong></span> <span class='ocrx_word' id='word_1_305' title='bbox 368 2469 443 2500; x_wconf 81' lang='lat' dir='ltr'><strong>aliis</strong></span> <span class='ocrx_word' id='word_1_306' title='bbox 470 2471 567 2501; x_wconf 79' lang='lat' dir='ltr'><strong>locis.</strong></span> <span class='ocrx_word' id='word_1_307' title='bbox 617 2469 667 2501; x_wconf 88' lang='lat' dir='ltr'><strong>Eo</strong></span> <span class='ocrx_word' id='word_1_308' title='bbox 690 2480 744 2502; x_wconf 88' lang='lat' dir='ltr'><strong>re-</strong></span> 
     </span>
     <span class='ocr_line' id='line_1_44' title="bbox 99 2513 745 2557; baseline 0 -10"><span class='ocrx_word' id='word_1_309' title='bbox 99 2515 242 2547; x_wconf 81' lang='lat' dir='ltr'><strong>ferenda</strong></span> <span class='ocrx_word' id='word_1_310' title='bbox 267 2519 346 2547; x_wconf 82' lang='lat' dir='ltr'><strong>sunt</strong></span> <span class='ocrx_word' id='word_1_311' title='bbox 379 2515 485 2547; x_wconf 81' lang='lat' dir='ltr'><strong>verba</strong></span> <span class='ocrx_word' id='word_1_312' title='bbox 522 2513 678 2545; x_wconf 79' lang='grc' dir='ltr'><em>ἐδεστὲον</em></span> <span class='ocrx_word' id='word_1_313' title='bbox 707 2527 745 2557; x_wconf 82' lang='grc' dir='ltr'><strong>γε</strong></span> 
     </span>
     <span class='ocr_line' id='line_1_45' title="bbox 102 2559 745 2603; baseline 0.002 -11"><span class='ocrx_word' id='word_1_314' title='bbox 102 2561 156 2592; x_wconf 82' lang='grc' dir='ltr'><strong>καὶ</strong></span> <span class='ocrx_word' id='word_1_315' title='bbox 192 2560 326 2592; x_wconf 81' lang='grc' dir='ltr'><em>ποτέον.</em></span> <span class='ocrx_word' id='word_1_316' title='bbox 362 2579 405 2584; x_wconf 89' lang='lat'><strong>—-</strong></span> <span class='ocrx_word' id='word_1_317' title='bbox 445 2559 745 2603; x_wconf 76' lang='grc' dir='ltr'><em>παιδοτρίβης</em></span> 
     </span>
     <span class='ocr_line' id='line_1_46' title="bbox 101 2608 743 2648; baseline 0 -9"><span class='ocrx_word' id='word_1_318' title='bbox 101 2610 217 2639; x_wconf 81' lang='lat' dir='ltr'><strong>autem</strong></span> <span class='ocrx_word' id='word_1_319' title='bbox 255 2611 309 2639; x_wconf 81' lang='lat' dir='ltr'><strong>est</strong></span> <span class='ocrx_word' id='word_1_320' title='bbox 344 2608 552 2648; x_wconf 83' lang='lat' dir='ltr'><strong>magister</strong></span> <span class='ocrx_word' id='word_1_321' title='bbox 595 2608 743 2648; x_wconf 83' lang='lat' dir='ltr'><strong>palae-</strong></span> 
     </span>
     <span class='ocr_line' id='line_1_47' title="bbox 103 2652 746 2694; baseline 0.005 -11"><span class='ocrx_word' id='word_1_322' title='bbox 103 2655 144 2683; x_wconf 78' lang='lat' dir='ltr'><strong>st</strong></span> <span class='ocrx_word' id='word_1_323' title='bbox 157 2661 201 2684; x_wconf 80' lang='lat' dir='ltr'><strong>ra</strong></span> <span class='ocrx_word' id='word_1_324' title='bbox 213 2663 248 2692; x_wconf 85' lang='lat' dir='ltr'><strong>e,</strong></span> <span class='ocrx_word' id='word_1_325' title='bbox 267 2654 324 2694; x_wconf 87' lang='lat' dir='ltr'><strong>qui</strong></span> <span class='ocrx_word' id='word_1_326' title='bbox 339 2652 486 2685; x_wconf 83' lang='lat' dir='ltr'><strong>docebat</strong></span> <span class='ocrx_word' id='word_1_327' title='bbox 503 2652 746 2686; x_wconf 81' lang='lat' dir='ltr'><strong>adolescentes</strong></span> 
     </span>
     <span class='ocr_line' id='line_1_48' title="bbox 103 2698 743 2739; baseline 0.003 -10"><span class='ocrx_word' id='word_1_328' title='bbox 103 2701 211 2730; x_wconf 80' lang='lat' dir='ltr'><strong>artem</strong></span> <span class='ocrx_word' id='word_1_329' title='bbox 249 2698 396 2731; x_wconf 83' lang='lat' dir='ltr'><strong>luctandi</strong></span> <span class='ocrx_word' id='word_1_330' title='bbox 443 2699 574 2739; x_wconf 80' lang='lat' dir='ltr'><strong>aliaque</strong></span> <span class='ocrx_word' id='word_1_331' title='bbox 625 2699 743 2731; x_wconf 87' lang='lat' dir='ltr'><strong>similin</strong></span> 
     </span>
     <span class='ocr_line' id='line_1_49' title="bbox 104 2742 743 2786; baseline 0.003 -12"><span class='ocrx_word' id='word_1_332' title='bbox 104 2742 252 2785; x_wconf 84' lang='lat' dir='ltr'><strong>ideoque</strong></span> <span class='ocrx_word' id='word_1_333' title='bbox 265 2753 368 2777; x_wconf 83' lang='lat' dir='ltr'><strong>nosse</strong></span> <span class='ocrx_word' id='word_1_334' title='bbox 384 2743 547 2784; x_wconf 76' lang='lat' dir='ltr'><strong>debebat,</strong></span> <span class='ocrx_word' id='word_1_335' title='bbox 570 2744 649 2786; x_wconf 91' lang='lat' dir='ltr'><strong>quid</strong></span> <span class='ocrx_word' id='word_1_336' title='bbox 672 2745 743 2777; x_wconf 89' lang='lat' dir='ltr'><strong>cui-</strong></span> 
     </span>
    </p>
   </div>
   <div class='ocr_carea' id='block_1_9' title="bbox 812 1552 1463 2236">
    <p class='ocr_par' dir='ltr' id='par_1_9' title="bbox 812 1552 1463 2236">
     <span class='ocr_line' id='line_1_50' title="bbox 812 1552 1460 1593; baseline 0.009 -11"><span class='ocrx_word' id='word_1_337' title='bbox 812 1561 878 1592; x_wconf 87' lang='lat' dir='ltr'><strong>que</strong></span> <span class='ocrx_word' id='word_1_338' title='bbox 904 1561 966 1593; x_wconf 86' lang='lat' dir='ltr'><strong>pro</strong></span> <span class='ocrx_word' id='word_1_339' title='bbox 993 1552 1149 1593; x_wconf 85' lang='lat' dir='ltr'><strong>corporis</strong></span> <span class='ocrx_word' id='word_1_340' title='bbox 1185 1554 1235 1585; x_wconf 84' lang='lat' dir='ltr'><strong>sui</strong></span> <span class='ocrx_word' id='word_1_341' title='bbox 1263 1555 1460 1588; x_wconf 78' lang='lat' dir='ltr'><strong>valetudine</strong></span> 
     </span>
     <span class='ocr_line' id='line_1_51' title="bbox 813 1598 1457 1642; baseline 0.008 -14"><span class='ocrx_word' id='word_1_342' title='bbox 813 1602 917 1638; x_wconf 81' lang='lat' dir='ltr'><strong>atque</strong></span> <span class='ocrx_word' id='word_1_343' title='bbox 959 1598 1085 1629; x_wconf 80' lang='lat' dir='ltr'><strong>robore</strong></span> <span class='ocrx_word' id='word_1_344' title='bbox 1126 1599 1246 1632; x_wconf 79' lang='lat' dir='ltr'><strong>virium</strong></span> <span class='ocrx_word' id='word_1_345' title='bbox 1284 1601 1457 1642; x_wconf 81' lang='lat' dir='ltr'><strong>agendum</strong></span> 
     </span>
     <span class='ocr_line' id='line_1_52' title="bbox 814 1643 1461 1678; baseline 0.006 -4"><span class='ocrx_word' id='word_1_346' title='bbox 814 1647 849 1675; x_wconf 91' lang='lat' dir='ltr'><strong>et</strong></span> <span class='ocrx_word' id='word_1_347' title='bbox 875 1643 1104 1675; x_wconf 76' lang='lat' dir='ltr'><strong>exercendum</strong></span> <span class='ocrx_word' id='word_1_348' title='bbox 1133 1651 1239 1678; x_wconf 76' lang='lat' dir='ltr'><strong>esset.</strong></span> <span class='ocrx_word' id='word_1_349' title='bbox 1288 1648 1341 1678; x_wconf 90' lang='lat' dir='ltr'><strong>Eo</strong></span> <span class='ocrx_word' id='word_1_350' title='bbox 1369 1647 1461 1678; x_wconf 87' lang='lat' dir='ltr'><strong>refe·</strong></span> 
     </span>
     <span class='ocr_line' id='line_1_53' title="bbox 813 1688 1461 1733; baseline 0.008 -14"><span class='ocrx_word' id='word_1_351' title='bbox 813 1688 919 1720; x_wconf 87' lang='lat' dir='ltr'><strong>reuda</strong></span> <span class='ocrx_word' id='word_1_352' title='bbox 946 1689 1103 1721; x_wconf 78' lang='lat' dir='ltr'><strong>videntur</strong></span> <span class='ocrx_word' id='word_1_353' title='bbox 1121 1691 1223 1722; x_wconf 81' lang='lat' dir='ltr'><strong>verba</strong></span> <span class='ocrx_word' id='word_1_354' title='bbox 1245 1693 1278 1722; x_wconf 81' lang='grc' dir='ltr'><strong>τί</strong></span> <span class='ocrx_word' id='word_1_355' title='bbox 1293 1692 1461 1733; x_wconf 78' lang='grc' dir='ltr'><em>πρακτέον</em></span> 
     </span>
     <span class='ocr_line' id='line_1_54' title="bbox 815 1734 1462 1775; baseline 0.009 -11"><span class='ocrx_word' id='word_1_356' title='bbox 815 1734 868 1764; x_wconf 81' lang='grc' dir='ltr'><strong>καὶ</strong></span> <span class='ocrx_word' id='word_1_357' title='bbox 895 1734 1120 1775; x_wconf 75' lang='grc' dir='ltr'><strong>γυμναστέον.</strong></span> <span class='ocrx_word' id='word_1_358' title='bbox 1155 1736 1244 1769; x_wconf 89' lang='lat' dir='ltr'><strong>Rern</strong></span> <span class='ocrx_word' id='word_1_359' title='bbox 1262 1739 1402 1770; x_wconf 87' lang='lat' dir='ltr'><strong>uberius</strong></span> <span class='ocrx_word' id='word_1_360' title='bbox 1421 1740 1462 1771; x_wconf 92' lang='lat' dir='ltr'><strong>il-</strong></span> 
     </span>
     <span class='ocr_line' id='line_1_55' title="bbox 816 1782 1460 1818; baseline 0.009 -8"><span class='ocrx_word' id='word_1_361' title='bbox 816 1782 1003 1813; x_wconf 78' lang='lat' dir='ltr'><strong>lustrarunt</strong></span> <span class='ocrx_word' id='word_1_362' title='bbox 1032 1782 1228 1816; x_wconf 82' lang='lat' dir='ltr'><strong>l&#39;erizou.</strong></span> <span class='ocrx_word' id='word_1_363' title='bbox 1256 1783 1298 1814; x_wconf 81' lang='lat' dir='ltr'><strong>ad</strong></span> <span class='ocrx_word' id='word_1_364' title='bbox 1325 1785 1460 1818; x_wconf 75' lang='lat' dir='ltr'><strong>Aelian.</strong></span> 
     </span>
     <span class='ocr_line' id='line_1_56' title="bbox 820 1826 1462 1862; baseline 0.008 -5"><span class='ocrx_word' id='word_1_365' title='bbox 820 1826 858 1857; x_wconf 93' lang='lat' dir='ltr'><strong>V.</strong></span> <span class='ocrx_word' id='word_1_366' title='bbox 882 1826 988 1858; x_wconf 88' lang='grc' dir='ltr'><strong>Η.Π.</strong></span> <span class='ocrx_word' id='word_1_367' title='bbox 1007 1829 1037 1860; x_wconf 89' lang='grc'><strong>6.</strong></span> <span class='ocrx_word' id='word_1_368' title='bbox 1057 1826 1285 1860; x_wconf 82' lang='lat' dir='ltr'><strong>Fabricius</strong></span> <span class='ocrx_word' id='word_1_369' title='bbox 1303 1829 1344 1860; x_wconf 84' lang='lat' dir='ltr'><strong>ad</strong></span> <span class='ocrx_word' id='word_1_370' title='bbox 1363 1832 1462 1862; x_wconf 77' lang='lat' dir='ltr'><strong>Sext.</strong></span> 
     </span>
     <span class='ocr_line' id='line_1_57' title="bbox 817 1872 1463 1916; baseline 0.009 -14"><span class='ocrx_word' id='word_1_371' title='bbox 817 1872 948 1913; x_wconf 86' lang='lat' dir='ltr'><strong>Empir.</strong></span> <span class='ocrx_word' id='word_1_372' title='bbox 985 1883 1016 1913; x_wconf 86' lang='lat' dir='ltr'><strong>p.</strong></span> <span class='ocrx_word' id='word_1_373' title='bbox 1050 1872 1128 1908; x_wconf 74' lang='grc'><strong>535.</strong></span> <span class='ocrx_word' id='word_1_374' title='bbox 1167 1874 1273 1916; x_wconf 85' lang='lat' dir='ltr'><strong>intpp.</strong></span> <span class='ocrx_word' id='word_1_375' title='bbox 1310 1877 1354 1907; x_wconf 83' lang='lat' dir='ltr'><strong>ad</strong></span> <span class='ocrx_word' id='word_1_376' title='bbox 1379 1876 1463 1908; x_wconf 82' lang='lat' dir='ltr'><strong>Ari-</strong></span> 
     </span>
     <span class='ocr_line' id='line_1_58' title="bbox 819 1917 1461 1960; baseline 0.012 -14"><span class='ocrx_word' id='word_1_377' title='bbox 819 1920 929 1960; x_wconf 76' lang='lat' dir='ltr'><strong>stopli.</strong></span> <span class='ocrx_word' id='word_1_378' title='bbox 964 1917 1076 1950; x_wconf 90' lang='lat' dir='ltr'><strong>Nubb.</strong></span> <span class='ocrx_word' id='word_1_379' title='bbox 1110 1930 1140 1951; x_wconf 88' lang='lat' dir='ltr'><strong>v.</strong></span> <span class='ocrx_word' id='word_1_380' title='bbox 1167 1921 1247 1954; x_wconf 76' lang='lat'><strong>969.</strong></span> <span class='ocrx_word' id='word_1_381' title='bbox 1299 1921 1461 1954; x_wconf 86' lang='lat' dir='ltr'><strong>Ceterum</strong></span> 
     </span>
     <span class='ocr_line' id='line_1_59' title="bbox 818 1964 1462 2007; baseline 0.008 -12"><span class='ocrx_word' id='word_1_382' title='bbox 818 1964 940 1996; x_wconf 75' lang='lat' dir='ltr'><strong>vocula</strong></span> <span class='ocrx_word' id='word_1_383' title='bbox 968 1964 1005 2006; x_wconf 89' lang='grc' dir='ltr'><strong>γε’</strong></span> <span class='ocrx_word' id='word_1_384' title='bbox 1031 1964 1062 1995; x_wconf 91' lang='lat' dir='ltr'><strong>in</strong></span> <span class='ocrx_word' id='word_1_385' title='bbox 1082 1966 1224 2007; x_wconf 87' lang='lat' dir='ltr'><strong>plurium</strong></span> <span class='ocrx_word' id='word_1_386' title='bbox 1249 1976 1361 1999; x_wconf 88' lang='lat' dir='ltr'><strong>rerum</strong></span> <span class='ocrx_word' id='word_1_387' title='bbox 1380 1977 1462 2000; x_wconf 87' lang='lat' dir='ltr'><strong>enu-</strong></span> 
     </span>
     <span class='ocr_line' id='line_1_60' title="bbox 820 2010 1462 2046; baseline 0.005 -3"><span class='ocrx_word' id='word_1_388' title='bbox 820 2010 1009 2043; x_wconf 80' lang='lat' dir='ltr'><strong>meratione</strong></span> <span class='ocrx_word' id='word_1_389' title='bbox 1036 2013 1171 2044; x_wconf 79' lang='lat' dir='ltr'><strong>extollit</strong></span> <span class='ocrx_word' id='word_1_390' title='bbox 1197 2014 1371 2046; x_wconf 88' lang='lat' dir='ltr'><strong>notionem</strong></span> <span class='ocrx_word' id='word_1_391' title='bbox 1401 2023 1462 2046; x_wconf 84' lang='lat' dir='ltr'><strong>vo-</strong></span> 
     </span>
     <span class='ocr_line' id='line_1_61' title="bbox 818 2056 1462 2098; baseline 0.003 -10"><span class='ocrx_word' id='word_1_392' title='bbox 818 2056 950 2095; x_wconf 72' lang='lat' dir='ltr'><strong>cabuli,</strong></span> <span class='ocrx_word' id='word_1_393' title='bbox 977 2057 1029 2087; x_wconf 89' lang='lat' dir='ltr'><strong>cui</strong></span> <span class='ocrx_word' id='word_1_394' title='bbox 1056 2057 1214 2098; x_wconf 81' lang='lat' dir='ltr'><strong>additur,</strong></span> <span class='ocrx_word' id='word_1_395' title='bbox 1246 2063 1283 2090; x_wconf 90' lang='lat' dir='ltr'><strong>ut</strong></span> <span class='ocrx_word' id='word_1_396' title='bbox 1316 2059 1380 2092; x_wconf 77' lang='lat' dir='ltr'><strong>lioc</strong></span> <span class='ocrx_word' id='word_1_397' title='bbox 1412 2061 1462 2091; x_wconf 89' lang='lat' dir='ltr'><strong>di-</strong></span> 
     </span>
     <span class='ocr_line' id='line_1_62' title="bbox 821 2102 1462 2145; baseline 0.005 -11"><span class='ocrx_word' id='word_1_398' title='bbox 821 2106 938 2135; x_wconf 83' lang='lat' dir='ltr'><strong>cutur:</strong></span> <span class='ocrx_word' id='word_1_399' title='bbox 983 2102 1210 2145; x_wconf 75' lang='lat' dir='ltr'><strong>adeoque</strong></span> <span class='ocrx_word' id='word_1_400' title='bbox 1248 2105 1462 2138; x_wconf 86' lang='lat' dir='ltr'><strong>edendum</strong></span> 
     </span>
     <span class='ocr_line' id='line_1_63' title="bbox 821 2147 1462 2193; baseline 0.006 -13"><span class='ocrx_word' id='word_1_401' title='bbox 821 2152 862 2180; x_wconf 89' lang='lat' dir='ltr'><strong>et</strong></span> <span class='ocrx_word' id='word_1_402' title='bbox 900 2147 1160 2190; x_wconf 76' lang='lat' dir='ltr'><strong>potandum3</strong></span> <span class='ocrx_word' id='word_1_403' title='bbox 1199 2160 1229 2183; x_wconf 87' lang='lat' dir='ltr'><strong>v.</strong></span> <span class='ocrx_word' id='word_1_404' title='bbox 1275 2150 1316 2182; x_wconf 84' lang='lat' dir='ltr'><strong>ad</strong></span> <span class='ocrx_word' id='word_1_405' title='bbox 1356 2152 1462 2193; x_wconf 85' lang='lat' dir='ltr'><strong>Apol.</strong></span> 
     </span>
     <span class='ocr_line' id='line_1_64' title="bbox 822 2193 1135 2236; baseline -0.003 -11"><span class='ocrx_word' id='word_1_406' title='bbox 822 2195 921 2226; x_wconf 87' lang='lat' dir='ltr'><strong>Socr.</strong></span> <span class='ocrx_word' id='word_1_407' title='bbox 947 2205 979 2236; x_wconf 88' lang='lat' dir='ltr'><strong>p.</strong></span> <span class='ocrx_word' id='word_1_408' title='bbox 1008 2193 1062 2227; x_wconf 71' lang='lat'><strong>34.</strong></span> <span class='ocrx_word' id='word_1_409' title='bbox 1090 2194 1135 2225; x_wconf 92' lang='lat' dir='ltr'><strong>D.</strong></span> 
     </span>
    </p>
   </div>
   <div class='ocr_carea' id='block_1_10' title="bbox 821 2280 1467 2787">
    <p class='ocr_par' dir='ltr' id='par_1_10' title="bbox 821 2280 1467 2787">
     <span class='ocr_line' id='line_1_65' title="bbox 868 2280 1463 2328; baseline 0.008 -14"><span class='ocrx_word' id='word_1_410' title='bbox 868 2281 1076 2322; x_wconf 77' lang='grc' dir='ltr'><strong>ἀτιμάσας</strong></span> <span class='ocrx_word' id='word_1_411' title='bbox 1107 2280 1250 2317; x_wconf 75' lang='grc' dir='ltr'><em>αὐτοῦ</em></span> <span class='ocrx_word' id='word_1_412' title='bbox 1285 2285 1360 2328; x_wconf 83' lang='grc' dir='ltr'><strong>τὴν</strong></span> <span class='ocrx_word' id='word_1_413' title='bbox 1395 2285 1463 2319; x_wconf 76' lang='grc' dir='ltr'><strong>δοά</strong></span> 
     </span>
     <span class='ocr_line' id='line_1_66' title="bbox 821 2328 1462 2373; baseline 0.008 -12"><span class='ocrx_word' id='word_1_414' title='bbox 821 2331 918 2371; x_wconf 76' lang='grc' dir='ltr'><strong>ξαν]</strong></span> <span class='ocrx_word' id='word_1_415' title='bbox 930 2328 1288 2371; x_wconf 61' lang='lat' dir='ltr'><strong>Exspectabasazizofi</strong></span> <span class='ocrx_word' id='word_1_416' title='bbox 1305 2329 1386 2365; x_wconf 75' lang='grc' dir='ltr'><strong>τούς</strong></span> <span class='ocrx_word' id='word_1_417' title='bbox 1398 2333 1462 2373; x_wconf 81' lang='grc' dir='ltr'><strong>ψό-</strong></span> 
     </span>
     <span class='ocr_line' id='line_1_67' title="bbox 822 2374 1463 2419; baseline 0.008 -12"><span class='ocrx_word' id='word_1_418' title='bbox 822 2378 970 2419; x_wconf 76' lang='grc' dir='ltr'><em>γουςκαὶ</em></span> <span class='ocrx_word' id='word_1_419' title='bbox 984 2374 1066 2407; x_wconf 67' lang='lat' dir='ltr'><strong>zois</strong></span> <span class='ocrx_word' id='word_1_420' title='bbox 1081 2375 1354 2419; x_wconf 50' lang='lat' dir='ltr'><strong>{fratrovaquod</strong></span> <span class='ocrx_word' id='word_1_421' title='bbox 1370 2380 1397 2411; x_wconf 80' lang='lat' dir='ltr'>H</span> <span class='ocrx_word' id='word_1_422' title='bbox 1412 2381 1463 2412; x_wconf 92' lang='lat' dir='ltr'><strong>ir-</strong></span> 
     </span>
     <span class='ocr_line' id='line_1_68' title="bbox 824 2422 1461 2464; baseline 0.006 -10"><span class='ocrx_word' id='word_1_423' title='bbox 824 2422 952 2464; x_wconf 77' lang='lat' dir='ltr'><strong>scllig.</strong></span> <span class='ocrx_word' id='word_1_424' title='bbox 985 2422 1148 2455; x_wconf 77' lang='lat' dir='ltr'><strong>audacter</strong></span> <span class='ocrx_word' id='word_1_425' title='bbox 1188 2423 1231 2456; x_wconf 90' lang='lat' dir='ltr'><strong>de</strong></span> <span class='ocrx_word' id='word_1_426' title='bbox 1265 2426 1461 2458; x_wconf 77' lang='lat' dir='ltr'><strong>coniectura</strong></span> 
     </span>
     <span class='ocr_line' id='line_1_69' title="bbox 825 2468 1464 2513; baseline 0.002 -12"><span class='ocrx_word' id='word_1_427' title='bbox 825 2469 941 2501; x_wconf 83' lang='lat' dir='ltr'><strong>edidit.</strong></span> <span class='ocrx_word' id='word_1_428' title='bbox 991 2468 1061 2499; x_wconf 89' lang='lat' dir='ltr'><strong>Sed</strong></span> <span class='ocrx_word' id='word_1_429' title='bbox 1089 2469 1211 2501; x_wconf 86' lang='lat' dir='ltr'><strong>leniter</strong></span> <span class='ocrx_word' id='word_1_430' title='bbox 1247 2476 1370 2503; x_wconf 83' lang='lat' dir='ltr'><strong>auetor</strong></span> <span class='ocrx_word' id='word_1_431' title='bbox 1404 2483 1464 2513; x_wconf 76' lang='grc' dir='ltr'><strong>την</strong></span> 
     </span>
     <span class='ocr_line' id='line_1_70' title="bbox 826 2513 1463 2558; baseline 0.005 -12"><span class='ocrx_word' id='word_1_432' title='bbox 826 2513 933 2555; x_wconf 78' lang='grc' dir='ltr'><em>δόξαν</em></span> <span class='ocrx_word' id='word_1_433' title='bbox 958 2518 1098 2555; x_wconf 83' lang='lat' dir='ltr'><strong>propter</strong></span> <span class='ocrx_word' id='word_1_434' title='bbox 1124 2515 1306 2556; x_wconf 83' lang='lat' dir='ltr'><strong>insequens</strong></span> <span class='ocrx_word' id='word_1_435' title='bbox 1323 2516 1463 2558; x_wconf 78' lang='grc' dir='ltr'><em>τιμήσας</em></span> 
     </span>
     <span class='ocr_line' id='line_1_71' title="bbox 829 2560 1460 2601; baseline 0.006 -8"><span class='ocrx_word' id='word_1_436' title='bbox 829 2562 927 2593; x_wconf 86' lang='lat' dir='ltr'><strong>dixit.</strong></span> <span class='ocrx_word' id='word_1_437' title='bbox 954 2560 1029 2591; x_wconf 85' lang='lat' dir='ltr'><strong>Nisi</strong></span> <span class='ocrx_word' id='word_1_438' title='bbox 1055 2560 1142 2592; x_wconf 80' lang='lat' dir='ltr'><strong>forte</strong></span> <span class='ocrx_word' id='word_1_439' title='bbox 1177 2562 1361 2601; x_wconf 77' lang='lat' dir='ltr'><strong>legendum</strong></span> <span class='ocrx_word' id='word_1_440' title='bbox 1390 2570 1460 2598; x_wconf 70' lang='lat' dir='ltr'><strong>estz</strong></span> 
     </span>
     <span class='ocr_line' id='line_1_72' title="bbox 826 2603 1463 2650; baseline 0.006 -11"><span class='ocrx_word' id='word_1_441' title='bbox 826 2604 935 2639; x_wconf 77' lang='grc' dir='ltr'><em>αὐτοῦ</em></span> <span class='ocrx_word' id='word_1_442' title='bbox 972 2603 1032 2647; x_wconf 82' lang='grc' dir='ltr'><strong>τὴν</strong></span> <span class='ocrx_word' id='word_1_443' title='bbox 1063 2604 1170 2644; x_wconf 79' lang='grc' dir='ltr'><em>δόξαν</em></span> <span class='ocrx_word' id='word_1_444' title='bbox 1204 2609 1258 2639; x_wconf 81' lang='grc' dir='ltr'><strong>καὶ</strong></span> <span class='ocrx_word' id='word_1_445' title='bbox 1295 2608 1376 2643; x_wconf 84' lang='grc' dir='ltr'><em>τοὺς</em></span> <span class='ocrx_word' id='word_1_446' title='bbox 1399 2609 1463 2650; x_wconf 81' lang='grc' dir='ltr'><strong>ψό-</strong></span> 
     </span>
     <span class='ocr_line' id='line_1_73' title="bbox 826 2650 1465 2698; baseline 0.003 -14"><span class='ocrx_word' id='word_1_447' title='bbox 826 2662 912 2695; x_wconf 90' lang='grc' dir='ltr'><em>γους</em></span> <span class='ocrx_word' id='word_1_448' title='bbox 944 2653 998 2683; x_wconf 81' lang='grc' dir='ltr'><strong>καὶ</strong></span> <span class='ocrx_word' id='word_1_449' title='bbox 1035 2650 1119 2684; x_wconf 80' lang='grc' dir='ltr'><em>τοὺς</em></span> <span class='ocrx_word' id='word_1_450' title='bbox 1156 2650 1335 2697; x_wconf 76' lang='grc' dir='ltr'><em>ἐπαίνους,</em></span> <span class='ocrx_word' id='word_1_451' title='bbox 1373 2657 1465 2698; x_wconf 83' lang='lat' dir='ltr'><strong>quod</strong></span> 
     </span>
     <span class='ocr_line' id='line_1_74' title="bbox 825 2699 1465 2741; baseline 0.003 -9"><span class='ocrx_word' id='word_1_452' title='bbox 825 2700 946 2732; x_wconf 86' lang='lat' dir='ltr'><strong>melius</strong></span> <span class='ocrx_word' id='word_1_453' title='bbox 957 2699 1114 2730; x_wconf 89' lang='lat' dir='ltr'><strong>convenit</strong></span> <span class='ocrx_word' id='word_1_454' title='bbox 1125 2701 1369 2741; x_wconf 88' lang='lat' dir='ltr'><strong>superioribus.</strong></span> <span class='ocrx_word' id='word_1_455' title='bbox 1385 2703 1465 2735; x_wconf 83' lang='lat' dir='ltr'><strong>Ver-</strong></span> 
     </span>
     <span class='ocr_line' id='line_1_75' title="bbox 825 2741 1467 2787; baseline 0.009 -11"><span class='ocrx_word' id='word_1_456' title='bbox 825 2746 904 2778; x_wconf 86' lang='lat' dir='ltr'><strong>bum</strong></span> <span class='ocrx_word' id='word_1_457' title='bbox 931 2741 1096 2784; x_wconf 74' lang='grc' dir='ltr'><em>ἀτιμάζειν</em></span> <span class='ocrx_word' id='word_1_458' title='bbox 1120 2751 1172 2777; x_wconf 85' lang='lat' dir='ltr'><strong>est</strong></span> <span class='ocrx_word' id='word_1_459' title='bbox 1197 2755 1260 2787; x_wconf 83' lang='lat' dir='ltr'><strong>pro</strong></span> <span class='ocrx_word' id='word_1_460' title='bbox 1287 2749 1371 2782; x_wconf 79' lang='lat' dir='ltr'><strong>levi</strong></span> <span class='ocrx_word' id='word_1_461' title='bbox 1396 2748 1467 2782; x_wconf 86' lang='lat' dir='ltr'><strong>du-</strong></span> 
     </span>
    </p>
   </div>
  </div>
 </body>
</html>
