1644 3039
1360 196 1461 235 LXI

134 312 286 364 hista,
327 310 561 363 Politicus,
606 309 910 361 Parmenides,
953 309 1183 361 Philebus,
1227 310 1267 349 in
1310 308 1466 362 quibus

117 329 240 410 libris
291 367 488 409 omnibus
529 382 660 422 quum
700 366 753 408 de
794 366 922 407 rebus
963 365 1254 407 subtilissimis
1295 373 1463 421 agatur,

115 426 258 467 minus
289 430 354 466 est
383 424 564 466 actionis
595 438 722 478 quam
755 422 1077 478 disputationis,
1103 423 1162 464 ita
1197 429 1245 464 ut
1274 421 1329 463 ad
1360 421 1465 464 alio-

115 497 209 524 rum
251 487 544 534 venustatem,
576 479 935 537 pulcritudinem,
969 486 1165 522 ornatum
1197 479 1267 520 vix
1298 480 1467 534 possint

115 538 369 595 comparari.
431 537 690 592 Quanquam
710 552 763 579 ne
784 536 827 578 in
846 537 911 578 his
935 537 1108 592 quidem
1140 536 1271 579 divini
1303 536 1465 592 ingenii

114 595 347 638 sollertiam
380 594 613 646 desideres,
645 595 714 636 cui
749 593 856 635 nihil
888 600 954 635 est
982 600 1070 635 tam
1102 592 1337 646 horridum,
1359 592 1465 635 nihil

113 659 199 694 tam
230 653 468 707 spinosum,
500 651 607 693 nihil
638 650 824 706 denique
856 657 944 692 tam
975 651 1200 704 incultum,
1227 649 1343 705 quod
1376 666 1461 692 non

113 709 386 764 splendescat
416 709 607 750 oratione
639 715 682 750 et
712 708 789 749 fiat
819 707 1043 750 illustrius.

225 766 285 807 Et
314 766 420 807 haec
452 764 624 820 quidem
656 765 708 806 de
729 765 867 806 forma
894 764 1056 820 dialogi
1077 763 1290 805 Platonici
1323 763 1461 818 deque

113 822 355 864 disserendi
375 823 538 864 ratione
562 822 605 862 in
628 838 678 864 eo
698 830 919 878 regnante.
965 820 1089 874 Quae
1112 821 1145 861 si
1176 830 1290 862 recte
1313 821 1463 875 (lispu-

111 880 407 932 tavimus,non
430 880 661 921 obscurum
683 879 777 932 erit,
794 879 961 934 opinor,
976 877 1078 932 quid
1103 878 1242 918 tacere
1263 885 1462 933 oporteat

113 951 232 989 eum,
273 937 346 991 qui
387 936 581 978 Platonis
632 936 764 978 libros
817 943 935 977 recte
983 934 1223 990 intelligere
1264 935 1461 976 voluerit.

113 993 226 1035 Nam
268 993 450 1049 primum
486 1008 628 1034 rerum
668 1000 964 1045 externarum,
997 992 1051 1033 ad
1079 1007 1186 1045 quas
1215 993 1459 1047 respicitur,

113 1049 406 1105 comparanda
443 1056 644 1092 accurata
681 1050 838 1092 notitia
880 1050 972 1091 erit.
1041 1049 1155 1090 Nam
1196 1064 1326 1103 quum
1368 1064 1463 1105 per-

111 1121 312 1148 sonarum
344 1107 531 1160 habitus,
553 1122 683 1149 scena
714 1106 892 1164 dialogi,
911 1107 1008 1160 alia,
1037 1121 1147 1159 quae
1179 1105 1234 1146 ad
1263 1114 1460 1147 ornatum

110 1163 660 1219 pertinent,disputationis
681 1171 935 1220 argumento
949 1162 1272 1205 accommodate
1293 1162 1462 1220 fingan-

109 1228 203 1274 tur,
243 1221 366 1262 facile
416 1226 536 1275 patet
575 1227 674 1262 ante
715 1221 858 1262 omnia
898 1221 1047 1262 harum
1088 1235 1230 1261 reruni
1273 1221 1462 1261 omnium

109 1278 268 1331 requiri
298 1277 639 1333 intelligentiam.
701 1277 873 1319 Deinde
905 1276 1142 1319 curandum
1174 1277 1255 1317 erit
1283 1276 1381 1329 hoc,
1415 1285 1462 1318 ut

109 1335 355 1376 universam
406 1333 713 1389 disputationis
764 1335 877 1375 viam
927 1350 1053 1389 quam
1104 1334 1289 1374 maxima
1332 1334 1460 1375 animi

109 1392 348 1432 attentione
378 1406 687 1447 persequamur
709 1391 1024 1447 diligenterque
1050 1390 1459 1444 animadvertamus,

108 1446 222 1489 unde
254 1463 305 1488 ea
334 1447 653 1503 proficiscatur,
686 1463 770 1503 quo
803 1447 967 1500 tendat,
1001 1462 1208 1501 quorsum
1239 1447 1458 1501 deflectat,

108 1503 163 1544 ad
197 1519 324 1558 quem
354 1503 483 1545 finem
513 1503 674 1546 redeat.
737 1504 837 1557 Quo
862 1504 951 1559 fiet,
975 1511 1023 1546 ut
1044 1504 1231 1558 denique
1253 1520 1460 1546 summam

104 1560 239 1602 totius
279 1561 488 1603 sermonis
526 1561 668 1603 animo
705 1562 1068 1618 complectamur,
1112 1567 1154 1602 et
1186 1561 1309 1615 quasi
1339 1561 1457 1617 filum

106 1616 281 1672 aliquod
323 1618 648 1672 nanciscamur,
693 1618 816 1660 cuius
857 1634 938 1674 ope
979 1634 1058 1674 per
1099 1619 1319 1660 anfractus
1361 1618 1458 1660 illos

105 1673 374 1731 dialogorum
402 1674 634 1717 artificiose
665 1676 901 1718 instructos
933 1676 1015 1717 iter
1044 1675 1169 1717 nobis
1201 1676 1458 1732 aperiamus.

105 1731 341 1788 Perspecto
372 1738 514 1773 autem
545 1732 678 1774 totius
710 1733 919 1774 sermonis
959 1737 1213 1789 argumento
1246 1748 1458 1786 quaeren-

105 1787 207 1829 dum
239 1788 320 1830 erit
360 1789 489 1830 etiam
531 1788 583 1830 de
625 1790 716 1830 eius
756 1789 936 1831 consilio
977 1797 1018 1830 et
1058 1790 1156 1830 fine.
1220 1788 1344 1842 Quae
1390 1804 1457 1831 res

105 1860 207 1886 sane
236 1845 466 1900 plurimum
497 1845 627 1887 habet
657 1846 924 1887 difficultatis
943 1878 954 1899 ,
985 1851 1076 1886 tum
1108 1846 1313 1900 quoniam
1346 1862 1455 1901 quae

105 1902 163 1942 sit
201 1901 404 1956 princeps
443 1903 641 1956 quaestio
683 1917 814 1957 saepe
862 1902 1012 1945 sedulo
1056 1902 1323 1956 occultatur,
1365 1910 1457 1944 tum

105 1957 224 2012 quod
249 1958 452 2013 primario
473 1972 717 2000 sermonum
748 1959 820 2000 fini
853 1960 1106 2015 plerumque
1138 1960 1222 2000 alia
1252 1959 1457 2002 adiuncta

104 2021 206 2056 sunt
236 2015 426 2057 consilia.
489 2015 554 2057 Ut
579 2016 713 2073 igitur
730 2016 1011 2073 intelligatur,
1033 2016 1135 2070 quid
1169 2017 1352 2072 primum
1384 2017 1454 2064 sit,

104 2070 210 2125 quid
249 2071 510 2127 secundum,
554 2072 657 2127 quid
688 2075 885 2126 tertium,
917 2073 1112 2130 singulae
1145 2073 1455 2130 disputationis

101 2134 247 2183 partes
277 2129 391 2171 inter
422 2144 468 2171 se
499 2137 601 2171 sunt
629 2130 970 2186 comparandae,
1003 2130 1454 2187 investigandumque,

103 2184 318 2239 quomodo
357 2201 432 2228 eae
462 2186 574 2228 inter
604 2186 722 2242 ipsas
754 2187 1033 2238 cohaereant3
1065 2187 1275 2243 imprimis
1308 2195 1451 2229 autem

101 2240 185 2283 hoc
215 2248 281 2283 est
298 2242 539 2299 agendum,
568 2250 616 2285 ut
646 2243 750 2299 quid
779 2244 886 2286 illud
917 2244 995 2298 sit,
1029 2244 1083 2286 ad
1114 2243 1233 2298 quod
1265 2244 1452 2300 denique

103 2299 246 2339 omnia
274 2301 514 2341 referantur
543 2307 587 2342 et
618 2315 704 2355 quo
735 2301 948 2343 efficiatur
978 2301 1244 2357 singularum
1264 2301 1452 2356 partium

100 2354 214 2395 inter
254 2370 300 2396 se
341 2358 593 2411 consensio,
625 2357 950 2414 diligentissime
990 2358 1289 2414 investigetur.
1350 2357 1452 2411 Quo

104 2410 280 2453 tandem
318 2413 494 2455 invento
533 2430 619 2456 non
658 2415 843 2469 amplius
883 2416 1039 2471 poterit
1093 2414 1303 2467 dubitari,
1346 2414 1451 2469 quid

104 2468 375 2523 potissimum
406 2469 690 2526 philosophus
732 2473 1016 2527 spectaverit,
1061 2471 1254 2526 adeoque
1293 2472 1449 2526 onmia,

103 2538 216 2578 quae
248 2526 433 2568 obscura
450 2527 586 2569 videri
609 2529 792 2582 possint,
816 2544 938 2570 suam
969 2529 1107 2570 lucem
1130 2529 1448 2570 nanciscentur.

214 2581 303 2624 Sed
334 2584 553 2637 quoniam,
577 2585 795 2638 quomodo
818 2587 860 2627 in
883 2585 948 2627 his
967 2585 1163 2626 omnibus
1190 2585 1449 2627 versandum

100 2639 172 2691 sit,
195 2654 217 2681 e
239 2640 533 2696 superioribus
559 2640 741 2698 intelligi
764 2649 923 2698 potest,
948 2658 1031 2683 non
1054 2649 1122 2683 est
1147 2641 1264 2695 quod
1286 2641 1448 2684 diutius

97 2694 141 2736 in
190 2695 255 2738 his
303 2697 544 2753 praeceptis
589 2698 856 2753 explicandis
908 2714 1139 2740 versemur.
1220 2698 1448 2741 Addamus

99 2753 242 2805 potius
275 2754 481 2795 nonnulla·
513 2753 565 2796 de
598 2754 790 2796 Platonis
821 2755 990 2797 (licendi
1025 2771 1193 2805 genere.
