1644 3039
235 142 435 186 XLVIII

234 256 413 298 cedente
456 254 585 295 libere
618 259 732 305 nata,
767 268 875 306 quae
925 267 1055 306 quum
1103 253 1369 295 naturalibus
1418 255 1577 310 ingenii

235 314 432 365 dotibus,
466 318 554 351 tum
593 308 814 349 doctrinae
852 309 1007 350 studiis
1052 316 1293 363 temporum
1323 311 1578 365 opportuni-

233 370 392 412 tatibus
424 366 583 409 adiutis
617 365 802 420 denique
834 365 888 406 ad
918 381 1014 407 eum
1045 365 1193 407 florem
1222 365 1426 421 adolevit,
1449 382 1577 421 quem

234 432 387 483 postea
438 431 502 464 est
551 430 795 464 consecuta.
856 421 1116 477 Quanquam
1163 422 1356 463 divinum
1394 424 1475 465 viri
1513 423 1578 465 in-

234 484 408 540 genium
438 482 521 521 iam
552 479 605 520 ab
636 479 760 520 initio
791 486 954 520 certum
984 479 1196 533 quendam
1229 479 1368 520 tenuit
1390 495 1576 534 cursum,

235 555 321 594 quo
351 535 654 594 persequendo
686 534 874 590 denique
906 535 960 576 ad
991 535 1148 577 celsam
1178 536 1293 577 illam
1325 537 1579 592 sapientiam

234 595 443 652 pervenit,
469 608 596 648 quam
628 608 712 634 non
743 591 872 634 modo
904 592 1119 647 aequales,
1142 592 1220 634 sed
1250 592 1378 634 etiam
1414 595 1577 648 posteri

234 656 347 695 iusta
377 650 658 692 admiratione
700 649 954 704 prosequuti
992 656 1105 690 sunt.
1166 649 1258 690 Iam
1288 665 1390 690 vero
1421 650 1488 692 his
1517 651 1580 691 ita

234 709 443 765 expositis
474 708 600 747 etiam
631 706 714 746 alia
742 705 953 759 quaedam
976 721 1235 748 memorasse
1263 706 1445 760 iuvabit,
1463 706 1578 748 unde

231 767 383 808 horum
414 765 619 806 librorum
653 770 696 803 et
727 763 1009 818 proprietates
1041 770 1082 803 et
1113 763 1302 817 origines
1334 763 1578 805 accuratius

233 828 564 879 cognoscantur.
625 819 842 872 Quorsum
863 820 1047 874 primum
1068 820 1307 873 referimus,
1328 819 1445 874 quod
1475 835 1577 862 sane

233 878 603 921 animadversione
644 883 710 918 est
754 875 883 931 longe
924 875 1252 931 dignissimum,
1295 875 1411 930 quod
1451 878 1494 917 in
1525 876 1576 917 iis

232 935 483 978 Platonicae
534 933 586 975 de
634 933 742 974 ideis
793 932 1039 985 doctrinae⁷
1083 933 1252 987 qualem
1293 932 1578 989 philosophus

231 999 384 1049 postea
402 990 664 1043 informavit,
687 990 759 1031 vix
781 990 930 1030 tenuia
948 989 1314 1044 quaedamstmmo
1337 1005 1439 1031 vero
1461 989 1578 1031 nulla

232 1049 507 1104 reperiuntur
538 1047 735 1102 vestigia.
797 1045 1062 1100 Spectantur
1081 1047 1192 1087 enim
1218 1047 1418 1088 notiones
1448 1062 1577 1103 gene-

233 1107 343 1148 rales
376 1112 419 1146 et
450 1118 698 1146 communes
739 1119 825 1144 non
856 1103 941 1144 iam
979 1107 1314 1162 μετιιᾳυσικώς,
1355 1103 1417 1144 ita
1448 1109 1496 1144 ut
1525 1104 1577 1144 iis

232 1164 446 1205 tribuatur
478 1163 561 1202 τῶν
594 1159 734 1201 ὄντων
758 1161 849 1202 sive
875 1162 962 1201 τῶν
995 1158 1132 1208 ὄντως
1162 1160 1301 1201 ὄντων
1329 1161 1395 1200 vis
1427 1166 1472 1201 et
1502 1175 1576 1201 na-

231 1228 343 1271 tura,
379 1217 454 1259 sed
488 1232 605 1258 more
636 1217 722 1257 fere
745 1216 971 1259 Socratico
1003 1216 1142 1271 logice
1174 1216 1455 1271 explorantur
1483 1222 1578 1258 tan-

233 1292 360 1331 quam
398 1289 540 1315 merae
590 1273 744 1314 mentis
782 1273 1006 1323 notiones;
1046 1273 1099 1313 de
1130 1288 1216 1327 quo
1257 1272 1500 1314 discrimine
1537 1289 1577 1313 v.

233 1333 361 1375 etiam
399 1330 703 1373 Aristotel.
746 1329 944 1384 Metaph.
976 1329 1108 1371 XIII.
1139 1333 1179 1372 4.
1210 1330 1304 1373 coll.
1335 1330 1370 1370 1.
1403 1331 1439 1372 6.
1498 1330 1578 1371 Ni-

231 1391 386 1431 mirum
444 1388 602 1436 ωὐσιάς
650 1393 848 1428 naturam
890 1387 1017 1427 Plato
1066 1393 1220 1442 postea
1261 1385 1431 1427 demum
1469 1386 1578 1428 ideis

232 1445 493 1502 impertivit,
527 1459 611 1498 quo
652 1450 846 1497 tempore
878 1442 1147 1485 Socraticam
1184 1442 1393 1484 rationem
1425 1458 1579 1484 conso-

232 1504 345 1544 ciare
388 1501 529 1556 coepit
570 1515 666 1541 cum
695 1499 1017 1555 Megaricorum
1060 1499 1112 1540 de
1154 1506 1277 1540 ente
1318 1499 1487 1555 placitis
1525 1499 1578 1542 ab

230 1559 396 1601 Eleatis
427 1557 634 1613 repetitis.
695 1555 956 1610 Quanquam
989 1555 1211 1596 fatendum
1252 1562 1319 1597 est
1370 1572 1466 1597 eum
1495 1555 1579 1598 iam

230 1619 275 1659 in
297 1614 528 1657 Charmide
559 1620 602 1655 et
621 1613 814 1655 Lachete
841 1628 976 1667 prope
1008 1612 1063 1653 ad
1093 1627 1186 1653 eam
1204 1613 1412 1654 rationem
1432 1628 1578 1654 acces-

232 1675 340 1715 sisse
372 1671 568 1725 adeoque
588 1670 631 1711 in
650 1670 967 1725 Euthyphrone
1001 1673 1121 1711 ὶόὲαν
1146 1675 1189 1711 et
1213 1669 1330 1718 εἶδος
1349 1669 1401 1710 de
1422 1670 1578 1711 mentis

232 1729 482 1772 notionibus
514 1727 688 1768 dixisse.
749 1726 882 1780 Quod
911 1732 1053 1767 tamen
1085 1741 1209 1767 nemo
1240 1726 1478 1779 mirabitur,
1505 1726 1578 1781 qui

233 1788 361 1828 etiam
401 1799 541 1826 meras
580 1783 734 1825 mentis
779 1783 980 1824 notiones
1020 1798 1160 1824 rerum
1201 1783 1324 1838 quasi
1367 1782 1577 1838 imagines

231 1850 360 1897 atque
392 1842 557 1897 species
595 1841 810 1896 perfectas
850 1847 1021 1881 exstare
1052 1839 1309 1881 meminerit.
1373 1838 1460 1881 Sed
1492 1839 1578 1881 huc

231 1899 400 1942 accedit
444 1897 630 1951 denique
671 1897 799 1938 etiam
827 1896 945 1937 aliud
985 1895 1114 1949 quid,
1159 1895 1276 1950 quod
1327 1895 1394 1938 his
1439 1895 1577 1949 libris,

231 1956 426 2011 quamvis
455 1954 599 1995 multis
620 1959 748 2006 atque
779 1952 1062 2008 amplitudine
1093 1967 1170 1994 sua
1197 1953 1456 2008 insignibus,
1478 1968 1578 2008 pro-

231 2014 371 2069 prium
411 2025 506 2053 esse
546 2009 727 2051 iudicari
765 2009 906 2051 debet.
969 2008 1143 2063 Quippe
1173 2009 1292 2049 nulla
1321 2008 1423 2050 dum
1451 2009 1494 2050 in
1525 2009 1577 2051 iis

231 2069 508 2124 reperiuntur
528 2066 750 2108 doctrinae
762 2065 1080 2122 Pythagoricae
1102 2065 1345 2107 accuratius
1377 2065 1577 2121 cognitae

231 2125 405 2168 indicia.
466 2122 597 2177 Quod
637 2129 753 2164 certe
784 2122 996 2164 eiusmodi
1027 2128 1121 2175 est,
1152 2128 1201 2163 ut
1229 2121 1321 2163 iure
1351 2121 1451 2163 inde
1482 2137 1577 2164 sus-

230 2182 366 2239 picari
406 2182 535 2223 liceat
574 2179 903 2236 philosophum,
946 2194 1031 2233 quo
1077 2184 1271 2233 tempore
1310 2193 1384 2220 eos
1422 2178 1576 2221 litteris

232 2237 574 2295 consignaverit,
620 2235 811 2278 nondum
842 2235 1118 2277 interioribus
1151 2235 1324 2277 scholae
1354 2235 1577 2292 Pythago-

230 2297 346 2339 ricae
384 2295 516 2338 sacris
547 2292 679 2335 fuisse
707 2293 933 2334 initiatum.
993 2291 1125 2345 Quod
1156 2291 1329 2347 quidem
1359 2308 1410 2335 eo
1440 2292 1577 2334 confi-

232 2353 406 2395 dentius
435 2352 496 2393 ita
525 2356 714 2393 statuere
744 2349 869 2401 licet,
901 2364 986 2404 quo
1018 2348 1256 2391 studiosius
1285 2349 1425 2405 ipsum
1453 2349 1576 2391 novi-

232 2425 325 2452 mus
353 2410 397 2451 in
416 2408 618 2460 Politico,
643 2405 917 2459 Parmenide,
942 2405 1117 2459 Politia,
1143 2405 1338 2459 Timaeo,
1362 2405 1573 2462 Legibus,

233 2467 325 2508 aliis
378 2465 522 2518 libris,
572 2463 947 2521 Pythagoreorum
1001 2461 1199 2504 doctrina
1264 2477 1385 2504 suam
1445 2462 1575 2504 ratio-

232 2537 328 2564 nem
378 2536 607 2564 exornasse
658 2526 701 2562 et
748 2519 1092 2575 locupletavisse.
1175 2519 1238 2561 At
1301 2519 1412 2560 enim
1472 2533 1574 2560 vero

233 2579 441 2636 cognovit
480 2578 552 2620 ille
582 2587 736 2634 postea
765 2575 962 2629 demum,
993 2591 1125 2631 quum
1154 2576 1198 2617 in
1228 2575 1400 2617 Italiam
1430 2575 1573 2617 inferi-

234 2651 352 2678 orem
382 2641 425 2677 et
442 2634 635 2678 Siciliam
658 2633 881 2690 profectus
905 2638 986 2685 est,
1011 2632 1196 2675 testibus
1223 2632 1572 2688 locupletissimis

234 2692 266 2734 si
300 2707 385 2746 qua
416 2691 522 2734 fides
553 2698 618 2734 est
649 2692 709 2744 (v.
730 2689 864 2732 Proll.
887 2688 941 2731 ad
956 2689 1166 2742 Politia),
1198 2689 1572 2745 Pythagoreorum
