1644 3039
490 163 588 205 AD
630 161 1035 205 CRITONEM.
1209 186 1211 188 -
1362 164 1440 203 183

87 283 202 319 certe
246 277 300 319 ab
340 277 490 318 amicis
529 275 733 318 fidelibus
773 275 1007 318 liberaliter
1034 274 1264 317 educatum
1293 274 1344 316 iri
1374 276 1435 330 (p.

86 335 153 376 54.
186 335 244 376 A.
275 334 364 390 B.).
397 359 451 364 ——
510 333 592 374 His
624 332 821 375 omnibus
860 349 962 374 vero
997 333 1207 387 expositis
1249 331 1437 386 denique

85 391 194 433 haec
223 391 313 432 fere
343 390 532 432 addunt:
581 391 678 447 Age
717 389 878 445 igitur,
919 406 942 431 o
976 389 1179 442 Socrate,
1220 389 1438 442 inquiunt,

86 447 327 503 obsequere
358 447 485 489 nobis
526 447 609 488 tuis
640 446 904 498 nutricibus,
948 461 999 488 ac
1038 446 1127 487 noli
1170 452 1246 487 aut
1274 445 1436 487 liberos

85 511 184 547 tuos
215 512 290 546 aut
318 505 452 546 vitam
483 510 599 545 tuam
629 509 705 544 aut
736 502 973 558 quidquam
1003 510 1176 544 tuorum
1207 503 1342 558 pluris
1374 502 1436 543 fa-

86 576 183 603 cere
214 577 341 617 quam
371 561 593 615 iustitiam,
625 567 696 614 ut,
730 575 862 615 quum
892 559 1141 616 perveneris
1172 560 1227 602 ad
1256 559 1434 611 inferos,

85 618 194 661 haec
233 619 377 660 omnia
416 617 532 674 apud
571 633 667 667 eos,
721 617 795 672 qui
841 617 902 658 ibi
940 617 1166 673 imperium
1216 622 1434 668 exercent,

84 691 163 731 pro
198 687 240 717 te
270 674 422 717 afferre
454 674 612 730 possis.
674 673 787 716 Nam
817 680 865 715 ut
895 674 963 715 hic
995 674 1160 730 egeris,
1208 674 1269 715 ita
1307 673 1436 714 etiam

84 732 172 774 illic
202 732 282 774 tibi
312 732 405 774 erit.
471 731 602 774 Nunc
629 731 760 788 igitur
791 731 828 773 si
860 731 999 772 abibis
1031 731 1153 783 illuc,
1187 731 1344 772 iniuria
1375 730 1436 771 af-

84 789 225 831 fectus
256 789 422 842 abibis,
453 804 533 830 nec
563 795 707 830 tamen
739 804 763 830 a
794 788 953 830 nobis
994 787 1142 843 legib
1157 803 1242 840 us,
1275 786 1352 829 sed
1381 787 1434 828 ab

83 845 422 888 hominibus.
483 845 561 888 Sin
603 851 747 887 autern
777 845 874 887 hinc
907 859 1107 901 egressus
1139 844 1341 886 iniuriam
1371 845 1436 885 in-

84 903 194 944 iuria
225 903 425 944 retuleris
463 909 507 944 et
544 901 690 944 datam
729 903 855 945 nobis
886 901 1016 942 fidem
1049 900 1303 954 violaveris,
1347 909 1436 942 tum

83 959 202 1016 leges
233 959 351 1015 apud
379 959 542 1001 inferos
573 959 771 1016 vigentes
801 966 843 1001 te
863 958 1201 1013 haudquaquam
1219 958 1438 1013 excipient

83 1016 318 1069 benevole,
357 1022 510 1072 utpote
551 1016 764 1070 seientes,
805 1023 994 1058 nostram
1036 1022 1078 1056 te
1112 1015 1306 1056 molitum
1339 1029 1436 1056 esse

82 1073 330 1128 perniciem.
389 1073 546 1128 Itaque
576 1072 745 1115 Critoni
775 1073 864 1115 noli
894 1073 1192 1128 obtemperare
1225 1073 1308 1113 alia
1337 1087 1436 1113 sua-

84 1129 217 1171 denti.

195 1186 280 1228 His
322 1186 520 1228 omnibus
559 1202 661 1228 vero
694 1187 755 1227 ita
799 1186 1048 1243 explicatis,
1090 1192 1323 1241 postquam
1355 1184 1436 1227 So-

84 1250 225 1285 crates
257 1242 399 1284 denuo
432 1244 699 1285 asseveravit
729 1243 780 1285 de
814 1260 961 1285 eorum
992 1244 1176 1284 veritate
1208 1242 1290 1284 sibi
1309 1242 1435 1298 plane

84 1315 179 1342 esse
211 1315 489 1355 persuasum,
523 1298 646 1341 Crito
678 1316 771 1343 sese
802 1300 977 1342 tandem
1006 1316 1055 1342 eo
1087 1300 1308 1342 redactum
1341 1313 1436 1341 esse

83 1357 268 1411 fatetur,
301 1364 350 1398 ut
376 1372 464 1398 non
495 1357 677 1412 amplius
705 1357 864 1400 habeat
894 1357 1010 1412 quod
1041 1366 1194 1399 contra
1230 1355 1436 1411 disputet.

85 1413 306 1466 Quocirca
327 1413 531 1456 Socrates
563 1413 750 1469 denique
781 1416 851 1470 pie
877 1415 1158 1469 acquiescens
1190 1413 1325 1455 divini
1357 1429 1436 1454 nu-

85 1471 209 1512 minis
238 1470 482 1512 voluntate:
514 1472 644 1512 Mitte
675 1472 808 1525 igitur
839 1473 942 1525 ista,
979 1488 1003 1512 o
1035 1472 1171 1524 bone,
1205 1471 1361 1524 inquit,
1395 1478 1439 1511 et.

84 1528 290 1569 faciamus
322 1528 410 1580 sic,
442 1534 490 1569 ut
519 1528 639 1570 iubet
668 1526 931 1582 necessitas,
966 1527 1322 1583 quandoquidem
1358 1527 1437 1569 hac

83 1585 155 1626 via
182 1599 262 1626 nos
292 1583 399 1626 deus
430 1583 563 1626 ducit.

198 1640 348 1684 Habes
377 1641 461 1688 iam
490 1641 588 1684 libri
619 1653 922 1699 argumentum
960 1643 1003 1683 in
1048 1641 1169 1683 brevi
1199 1653 1436 1697 conspectu

85 1698 286 1754 positum.
347 1697 480 1751 Quod
510 1699 684 1753 quidem
725 1699 850 1741 nobis
881 1699 1151 1741 intuentibus
1183 1698 1436 1752 neutiquam

85 1754 257 1796 videtur
295 1754 483 1796 dubitari
513 1771 667 1812 posse,
707 1756 813 1810 quin
852 1756 1054 1797 universa
1092 1755 1295 1811 scriptio,
1338 1755 1374 1797 si
1413 1770 1438 1795 a

85 1811 258 1854 scenico
295 1818 529 1867 apparatu,
575 1812 807 1854 admodum
839 1813 1026 1869 simplici
1055 1812 1155 1866 illo,
1186 1811 1437 1853 discesseri-

85 1883 204 1922 mus,
254 1867 422 1911 duabus
472 1870 668 1925 partibus
714 1870 929 1924 primariis
979 1870 1242 1912 absolvatur.
1322 1869 1437 1910 Nam

85 1925 227 1981 priore
255 1931 408 1981 parte,
441 1941 552 1980 quae
587 1925 811 1969 exordium
840 1927 1002 1982 excipit
1033 1933 1076 1968 et
1105 1925 1207 1968 inde
1239 1942 1264 1967 a
1293 1942 1336 1981 p.
1366 1929 1434 1967 44.

87 1982 138 2024 B.
167 1997 306 2037 usque
336 1981 392 2022 ad
422 1999 463 2038 p.
495 1985 562 2026 46.
593 1984 650 2026 A.
681 1989 788 2025 extr.
818 1983 1112 2040 pertenditur,
1151 1997 1332 2025 caussae
1373 1990 1436 2025 at-

87 2054 171 2094 que
200 2039 390 2081 rationes
422 2040 711 2097 explicantur,
741 2041 898 2096 quibus
930 2039 1051 2083 Crito
1083 2040 1310 2083 Socratem
1340 2056 1437 2096 per-

84 2111 258 2138 movere
289 2094 450 2151 studet,
482 2104 532 2138 ut
561 2112 733 2140 carcere
757 2098 932 2155 publico
955 2098 1108 2139 relicto
1129 2112 1231 2139 suae
1264 2104 1307 2138 et
1337 2113 1438 2139 suo-

86 2168 180 2194 rum
209 2153 337 2195 saluti
368 2155 584 2209 consulat,
615 2154 718 2196 dum
736 2154 986 2211 aufugiendi
1012 2155 1315 2210 opportunitas
1335 2153 1439 2196 data

89 2209 156 2250 sit.
217 2208 341 2261 Quae
383 2210 556 2265 quidem
598 2212 788 2254 rationes
819 2227 905 2254 non
934 2218 1023 2253 tam
1054 2227 1106 2252 ex
1136 2211 1437 2267 philosophiae

87 2280 201 2321 penu
239 2280 366 2320 qua-m
405 2282 459 2308 ex
494 2268 611 2310 vitae
652 2283 736 2309 usu
775 2268 1024 2325 depromtae
1066 2274 1190 2322 sunt,
1231 2275 1279 2309 ut
1308 2267 1437 2324 plane

86 2322 276 2364 referant
305 2320 497 2366 Critonis
537 2325 757 2381 ingenium
797 2325 1014 2380 animique
1044 2324 1262 2378 indolem,
1308 2339 1437 2380 quem

87 2385 214 2420 antea
242 2378 430 2421 vidimus
461 2380 576 2423 vitae
596 2384 833 2424 communis
861 2397 988 2436 quam
1006 2381 1306 2438 philosophiae
1335 2382 1437 2424 sub-

87 2436 256 2477 tilitatis
288 2436 424 2478 fuisse
454 2438 746 2480 curiosiorem.
808 2439 983 2495 Repetit
1005 2439 1117 2480 enim
1137 2454 1329 2492 caussas,
1361 2454 1439 2480 cur

89 2492 261 2536 Socrati
280 2493 536 2549 fugiendum
556 2495 626 2548 sit,
638 2496 708 2537 vel
723 2511 776 2538 ex
790 2495 1009 2538 hominum
1030 2495 1348 2537 existimatione
1368 2496 1439 2537 vel

89 2565 142 2591 ex
167 2549 348 2603 iustitia,
379 2566 506 2605 quam
535 2558 678 2606 vocat,
708 2552 792 2595 hoc
823 2559 890 2594 est
919 2567 971 2594 ex
999 2567 1103 2594 cura
1130 2551 1277 2594 liberis
1299 2552 1438 2608 ipsius

89 2612 218 2661 atque
248 2606 330 2649 sibi
361 2614 405 2649 et
434 2607 716 2650 familiaribus
750 2608 919 2662 debita,
953 2609 1180 2651 omninove
1213 2625 1265 2650 ex
1295 2624 1438 2650 rerum

91 2669 363 2705 externarum
403 2664 746 2720 conditionibus,
795 2667 856 2708 ita
895 2665 1093 2720 quidem,
1144 2673 1192 2707 ut
1233 2665 1438 2709 Socrates

91 2721 250 2773 passim
285 2721 491 2763 continuo
522 2721 792 2778 interponat,
838 2738 946 2778 quae
976 2728 1126 2764 contra
1158 2723 1344 2765 dicenda
1374 2724 1438 2765 vi-
