1644 3039
212 227 292 268 150
668 225 1097 267 PRAEFATIO

207 346 294 381 tem
326 339 535 380 bonorum
566 338 737 379 minime
767 345 975 380 metuant.
1038 338 1245 381 Ostendit
1269 357 1395 396 porro
1427 357 1552 398 para-

206 404 296 438 tum
328 396 366 437 ei
396 395 488 436 fore
520 395 635 451 apud
666 402 834 437 exteros
863 396 1120 437 benevolum
1150 396 1400 452 hospitium.
1459 398 1553 439 Ad-

208 453 273 494 dit
311 454 413 494 item
454 468 532 493 nec
586 453 793 493 iustum
835 452 922 494 ullo
963 452 1092 493 modo
1133 453 1248 508 fore,
1300 455 1335 496 si
1375 470 1420 496 se
1458 456 1551 510 ipse

206 509 390 565 prodere
425 509 541 550 velit.
602 509 820 550 Iustitiam
861 510 974 550 euim
1005 510 1248 565 postulare,
1287 518 1336 552 ut
1375 518 1419 553 et
1448 527 1551 553 suae

205 567 340 623 ipsius
369 566 498 608 saluti
529 566 743 620 consulat,
775 572 818 606 et
847 566 1078 607 liberorum
1109 566 1353 609 educationi
1384 569 1553 624 prospi-

206 625 315 676 ciat,
356 624 429 678 qui
470 623 564 678 ipso
605 630 776 664 mortuo
815 622 930 664 haud
971 622 1100 664 dubie
1141 624 1310 666 tristem
1349 626 1552 667 orborum

205 688 364 723 sortem
405 680 622 735 experturi
655 680 753 721 sint.
780 701 783 704 >
814 678 1106 731 Quamobrem
1137 688 1286 722 censet
1318 682 1444 723 etiam
1485 688 1551 723 to-

205 744 295 779 tum
325 737 409 778 hoc
438 737 526 778 litis
559 737 779 792 negotium
810 737 1026 791 plerisque
1069 737 1209 779 visum
1239 739 1291 779 iri
1321 738 1552 780 ridiculum

205 802 334 849 atque
376 795 505 836 etiam
548 794 697 835 amicis
734 794 870 848 ipsius
910 793 1130 835 infamiam
1169 794 1397 836 allaturum
1438 811 1549 848 esse,

205 852 279 905 qui
313 867 410 892 eum
440 867 527 892 non
560 851 824 892 servaverint
855 856 896 891 et
917 852 1066 891 mortis
1092 851 1283 906 periculo
1317 853 1552 908 eripuerint

204 910 290 962 (44.
331 909 373 949 D
401 933 455 938 ——
489 909 556 948 46.
598 908 690 962 A.)
728 931 783 937 -—-
853 907 976 948 Haec
1022 907 1155 963 igitur
1193 907 1316 950 Crito
1360 916 1552 950 amanter

202 980 304 1006 sane
335 971 464 1019 atque
496 965 581 1019 pie.
641 964 796 1018 Neque
826 970 970 1004 tamen
1002 962 1203 1007 Socrates
1235 965 1326 1006 eius
1350 966 1552 1020 precibus

204 1022 399 1077 quamvis
438 1021 702 1077 gravissimis
739 1028 867 1075 atque
905 1021 1161 1063 enixissimis
1204 1022 1292 1063 ulla
1334 1023 1378 1063 in
1427 1029 1550 1078 parte

202 1077 527 1120 concedendum
563 1078 808 1119 arbitratur.
877 1078 993 1119 Nam
1032 1077 1180 1119 laudat
1219 1079 1394 1133 quidem
1424 1079 1550 1121 amici

201 1135 391 1176 studium
423 1142 467 1175 et
494 1135 786 1179 voluntatem:
819 1134 895 1175 sed
927 1135 1309 1189 obtemperandum
1342 1136 1378 1177 ei
1399 1136 1458 1176 ita
1475 1135 1549 1177 de-

198 1208 314 1233 mum
348 1191 589 1244 existimat,
622 1191 658 1232 si
690 1191 914 1231 consilium
945 1191 1081 1245 ipsius
1113 1207 1209 1232 cum
1238 1199 1356 1234 recta
1384 1193 1549 1234 ratione

199 1250 480 1290 coniunctum
519 1249 596 1298 sit;
637 1262 682 1289 se
723 1247 836 1288 enim
877 1247 984 1288 nulli
1026 1247 1099 1288 alii
1137 1249 1200 1289 rei
1238 1249 1376 1305 magis
1421 1264 1549 1303 quam

197 1306 355 1347 rationi
393 1305 553 1360 ubique
596 1304 927 1359 obsequendum
977 1310 1166 1345 statuere
1206 1306 1344 1347 solere
1381 1307 1442 1362 (p.
1480 1309 1548 1348 46.

195 1362 249 1403 B.
284 1361 369 1417 C).
429 1362 584 1417 Itaque
615 1361 851 1402 videndum
881 1376 976 1402 esse
1008 1362 1080 1414 ait,
1113 1377 1213 1403 num
1247 1378 1321 1404 eae
1344 1363 1548 1416 rationes,

198 1435 306 1474 quas
335 1434 505 1474 semper
533 1420 577 1461 in
607 1419 698 1459 vita
728 1418 949 1474 superiore
973 1418 1235 1474 probaverit,
1269 1421 1311 1461 in
1331 1421 1548 1475 praesenti

174 1523 176 1526 .
198 1476 339 1518 adhuc
369 1477 543 1517 valeant
567 1483 697 1530 atque
719 1474 896 1516 eaedem
918 1476 1244 1529 permanserint.
1304 1477 1404 1518 Hoc
1435 1477 1546 1518 enim

197 1533 234 1574 si
264 1534 324 1574 ita
355 1534 435 1586 sit,
479 1532 652 1575 easdem
700 1532 828 1573 etiam
858 1547 972 1573 nunc
1003 1533 1250 1575 retinendas
1282 1548 1331 1575 ac·
1362 1549 1546 1588 sequen-

196 1589 273 1632 das
312 1590 557 1631 arbitratur.
630 1588 849 1642 Quocirca
900 1589 1104 1643 quoniam
1146 1588 1268 1632 Crito
1316 1590 1547 1645 plurimum

194 1647 347 1689 tribuit
376 1646 595 1688 hominum
628 1645 938 1687 existimationi
979 1645 1166 1701 indeque
1211 1662 1410 1703 magnam
1448 1663 1546 1702 par-

193 1711 279 1745 tem
317 1711 667 1760 argumentorum
707 1718 881 1743 suorum
925 1703 1104 1756 sumsit,
1148 1704 1332 1758 primum
1372 1704 1545 1759 quidem

195 1760 317 1816 (inde
357 1778 381 1802 a
412 1776 455 1815 p.
488 1762 555 1803 46.
591 1759 665 1814 C.)
707 1759 1005 1814 quaestionem
1045 1759 1107 1801 de
1157 1761 1542 1816 opinionibus,

192 1818 277 1859 iam
307 1818 602 1874 superioribus
633 1816 900 1872 temporibus
931 1816 1169 1858 identidem
1200 1824 1445 1872 tractatam,
1476 1833 1543 1859 re—

192 1875 426 1930 petendam
445 1889 542 1916 esse
568 1880 717 1916 censet
737 1873 1117 1928 quaerendumque
1139 1873 1305 1927 sedulo,
1319 1890 1421 1915 num
1443 1875 1543 1916 olim

191 1938 308 1973 recte
339 1931 580 1973 iudicatum
611 1931 681 1984 sit,
709 1946 763 1971 an
782 1945 898 1971 nunc
918 1930 1042 1972 aliter
1063 1931 1407 1973 existimandum.
1455 1932 1543 1973 Po-

190 1989 257 2029 nit
286 1989 419 2043 igitur
449 1988 634 2042 primum
656 1986 843 2041 quidem,
876 2002 1022 2028 verum
1045 2002 1137 2029 esse
1169 1989 1297 2029 etiam
1328 2003 1456 2042 nunc,
1488 1988 1542 2030 de

191 2060 277 2099 quo
300 2045 383 2086 iam
405 2044 506 2085 olim
527 2044 638 2085 inter
657 2044 774 2099 ipsos
812 2045 1078 2097 convenerit,
1112 2060 1163 2086 ex
1197 2045 1416 2086 hominum
1448 2046 1541 2100 opi-

189 2102 393 2144 nionibus
412 2101 518 2143 alias
541 2101 687 2156 magni
709 2099 931 2142 faciendas
953 2115 1002 2141 ac
1025 2101 1286 2154 sequendas,
1311 2102 1416 2142 alias
1438 2117 1540 2143 con-

188 2158 444 2200 temnendas
477 2165 520 2199 et
548 2156 802 2199 reiiciendas
835 2171 949 2205 esse3
982 2172 1081 2197 nam
1112 2157 1331 2199 hominum
1350 2157 1539 2212 pruden-

187 2216 294 2257 tium
326 2222 369 2257 et
397 2214 731 2272 intelligentium
769 2214 1007 2255 sententias
1046 2214 1244 2269 probari,
1291 2213 1539 2270 impruden-

186 2274 293 2314 tium
323 2279 366 2314 et
396 2272 692 2327 insipientium
722 2271 945 2326 opiniones
976 2270 1210 2325 improbari
1240 2286 1291 2312 ac
1320 2270 1539 2327 repudiari

188 2336 414 2386 oportere3
463 2329 509 2370 id
545 2328 662 2384 quod
701 2326 896 2383 exemplo
938 2343 959 2368 e
1000 2342 1045 2368 re
1086 2328 1360 2383 gymnastica
1400 2328 1538 2384 petito

185 2386 449 2429 luculentius
478 2386 745 2428 demonstrat
772 2385 833 2440 (p.
854 2386 926 2426 46.
948 2383 984 2426 C
1005 2410 1055 2415 —
1076 2388 1144 2426 47.
1171 2383 1261 2439 C.).
1321 2385 1404 2426 His
1434 2400 1537 2427 vero

184 2443 245 2485 ita
276 2444 487 2500 expositis
518 2458 648 2499 porro
680 2441 831 2493 docet,
865 2441 983 2495 quod
1012 2441 1112 2483 inde
1141 2442 1445 2497 consequitur,
1478 2442 1536 2484 si-

185 2501 274 2542 cuti
311 2501 354 2542 in
392 2516 438 2542 re
478 2499 751 2557 gymnastica
789 2498 1063 2554 negligendis
1093 2498 1370 2554 prudentium
1399 2498 1536 2539 homi-

183 2573 287 2599 num
318 2557 511 2600 consiliis
531 2563 575 2598 et
593 2555 869 2612 opinionibus
889 2570 1046 2612 corpus
1069 2554 1280 2608 laedatur,
1307 2555 1369 2596 ita
1387 2555 1531 2608 etiarn,

184 2615 324 2657 sicubi
365 2614 418 2656 de
457 2615 572 2656 iusto
611 2621 654 2655 et
683 2612 866 2665 iniusto,
909 2612 961 2654 de
1001 2613 1118 2668 turpi
1159 2618 1202 2653 et
1231 2612 1439 2665 honesto,
1479 2610 1532 2653 de

183 2671 298 2713 bono
330 2678 374 2713 et
403 2671 516 2713 malo
549 2677 726 2728 agatur,
766 2669 841 2711 ubi
883 2669 1141 2726 sapientium
1177 2668 1400 2725 neglectae
1440 2668 1533 2710 fue-

183 2728 271 2769 rint
300 2728 565 2782 sententiae,
598 2728 739 2770 animo
769 2726 878 2781 fieri,
913 2726 1029 2782 quod
1061 2732 1178 2768 certe
1209 2726 1338 2782 longe
1370 2725 1426 2766 sit
1454 2726 1532 2766 mi-

183 2785 421 2828 serabilius.
481 2784 595 2827 Nam
635 2800 767 2839 quum
808 2799 986 2840 corpore
1017 2789 1221 2840 corrupto
1252 2783 1340 2824 vita
1371 2797 1531 2836 nequa-
