1644 3039
205 172 256 213 32
574 169 1059 212 PROLEGOMENA
1093 171 1178 211 Al)

202 282 430 336 νησιέντων
471 285 591 326 δοκεῖ
637 289 682 325 ἐκ
722 285 800 326 τοῦ
840 282 1064 338 τάγματος
1100 285 1186 325 τῶν
1231 283 1386 325 ἀθέων
1416 282 1550 336 ὑπάρ-

199 357 315 397 χειν,
368 339 565 396 φάμενος
603 340 671 382 ὅτι
711 344 753 382 οἱ
794 344 973 382 παλαιοὶ
1016 343 1267 394 νομοθέται
1308 341 1550 383 ἐπίσκοπόν

203 415 301 440 τινα
331 400 418 439 τῶν
448 397 750 451 ἀνθρωπίνων
781 395 1149 451 κατορθωμάτων
1189 400 1260 438 καὶ
1292 395 1549 451 αλιιαρτημεὶ·

201 472 288 497 των
320 457 511 496 ἔπλασαν
543 453 619 496 τὸν
654 451 790 509 θεόν,
831 453 937 509 ὑπὲρ
969 457 1047 495 τοῦ
1075 457 1243 507 μηόἑνα
1275 453 1432 508 λάθρᾳ
1471 453 1550 496 τὸν

201 509 388 563 πλήσιον
428 511 596 552 ἀδικεῖν
637 508 962 564 εὐλαβούμενον
993 509 1070 561 την
1102 509 1187 552 ὑπὸ
1221 512 1306 552 τῶν
1339 513 1459 552 θεῶν
1488 528 1546 552 τι·

199 572 395 623 μωρίαν,
428 585 464 610 κ.
498 585 533 609 τ.
568 570 603 609 λ.
649 573 691 609 et
729 566 1090 609 Plutarchum
1120 566 1189 608 De
1220 566 1546 622 superstitione,

199 641 241 681 p.
280 627 372 666 171.
405 624 479 680 qui
509 640 604 665 eum
631 639 777 680 parem
813 623 917 665 dicit
936 623 1154 679 Diagorae
1182 623 1289 675 μήτε
1310 621 1408 665 τινα
1429 625 1550 666 θεῶν

198 681 307 736 μήτε
347 679 573 732 δαιμόνων
611 683 850 734 νομίζοντι.
892 681 1004 722 conf.
1037 680 1268 737 Baylius
1299 681 1408 722 Lex,
1440 679 1548 722 Crit.

201 754 233 780 s.
266 755 307 779 v.
339 737 567 782 Critias.
625 738 768 780 Huius
787 738 920 793 igitur
940 737 1104 778 scelera
1125 743 1253 792 atque
1284 738 1549 793 impietatem

199 795 321 837 multi
355 794 525 838 Socrati
559 795 724 835 crimini
755 794 990 847 dederunt,
1032 794 1191 850 quippe
1233 809 1285 835 ex
1325 795 1446 836 cuius
1485 794 1551 834 in-

199 852 423 894 stitutione
455 867 504 893 ac
536 851 764 906 disciplina
792 851 1010 907 profectus
1040 859 1174 905 esset,
1207 866 1347 905 neque
1378 850 1550 892 videtur

197 909 285 950 ullo
314 908 442 950 modo
474 908 661 950 dubitari
692 923 835 963 posse⁷
873 908 978 962 quin
1009 907 1138 950 huius
1171 908 1443 962 potissimum
1471 907 1549 949 ho-

198 966 322 1006 minis
354 969 559 1007 memoria
588 980 659 1006 reo
691 965 910 1006 innocenti
946 979 1024 1020 per
1055 971 1355 1006 accusatorum
1388 964 1548 1005 calum-

197 1023 311 1063 niam
343 1029 512 1063 tantum
540 1021 728 1063 invidiae
760 1021 1018 1073 confecerit⁷
1052 1027 1101 1062 ut
1131 1021 1184 1063 ab
1216 1021 1410 1062 heliastis
1442 1036 1548 1062 con-

197 1079 486 1120 demnaretur.
548 1079 617 1120 De
661 1094 746 1133 qua
786 1094 831 1119 re
871 1077 1190 1120 Aeschines
1233 1077 1309 1120 Or.
1341 1077 1438 1119 adv.
1472 1078 1548 1118 Ti-

196 1135 355 1180 march.
392 1152 433 1191 p.
478 1136 568 1177 118.
620 1134 686 1176 ed.
729 1134 888 1176 Bremi.
928 1135 964 1188 §.
1007 1136 1072 1178 71.
1123 1134 1268 1176 ἔπειθ’
1321 1134 1466 1188 ὑμεῖς,
1515 1135 1545 1175 ώ

192 1192 449 1242 Ἀθηναῖοι,
487 1192 739 1246 Σωκράτην
779 1194 858 1245 μὲν
890 1208 968 1232 τον
1000 1190 1221 1248 σοφιστὴν
1251 1190 1547 1244 ἀπεκτείνατε,

196 1250 264 1291 ὅτι
286 1252 475 1304 Κριτίαν
496 1247 639 1305 ἐφάνη
663 1246 958 1296 πεπαιδευκώς
989 1252 1063 1289 ἕνα
1086 1249 1171 1289 τῶν
1190 1247 1269 1290 τὸν
1300 1249 1440 1299 δῆμον
1472 1264 1548 1289 κα-

195 1304 490 1347 ταλυσάντων.
523 1305 597 1347 ubi
629 1303 746 1360 quod
767 1303 971 1347 Socrates
1005 1302 1225 1362 σοφιστής
1255 1311 1450 1358 vocatur,
1483 1304 1548 1345 vi-

196 1362 323 1404 detur
351 1361 484 1414 illud,
529 1377 788 1417 quamquam
828 1377 983 1403 nomen
1024 1376 1074 1403 eo
1113 1367 1307 1416 tempore
1337 1377 1426 1402 non
1457 1367 1549 1403 erat

195 1420 557 1476 ignominiosum,
590 1419 689 1473 sed,
721 1424 765 1461 ut
795 1418 857 1459 ait
888 1418 1174 1473 Diogenes
1206 1418 1386 1460 Laert.
1412 1418 1447 1459 I.
1483 1420 1546 1459 12.

197 1481 236 1518 οὶ
279 1479 417 1532 σοφοὶ
459 1480 530 1517 καὶ
581 1478 793 1531 σοφισταὶ
834 1477 1094 1524 ἐκαλοῦντο,
1134 1481 1278 1516 tamen
1318 1490 1404 1515 non
1454 1474 1546 1515 sine

197 1532 386 1588 quodam
416 1538 636 1574 contemtu
656 1532 718 1573 ita
737 1531 846 1572 fieri.
909 1530 997 1574 Sed
1021 1536 1290 1572 transeamus
1311 1530 1546 1585 aliquando

195 1589 250 1630 ad
281 1588 650 1632 Alcibiadem.
716 1588 762 1630 Is
802 1603 904 1630 vero
949 1587 1174 1629 Socraten]
1215 1588 1317 1628 item
1358 1593 1547 1629 sectatus

195 1657 260 1688 est
290 1645 620 1700 studiosissime,
652 1644 783 1699 idque
810 1660 859 1686 eo
885 1643 1013 1686 modo
1034 1644 1150 1697 fecit,
1184 1644 1367 1685 utillum
1390 1659 1548 1700 magna

194 1718 361 1760 semper
389 1703 632 1744 reverentia
660 1708 1010 1756 prosequeretur.
1072 1700 1208 1742 Cuius
1250 1701 1313 1742 rei
1351 1701 1546 1742 testiino-

192 1760 311 1802 nium
340 1766 512 1816 praeter
543 1759 769 1800 Platonem
800 1759 843 1799 in
876 1757 1077 1815 Sympos.
1110 1775 1152 1813 p.
1176 1759 1270 1798 216.
1303 1758 1355 1798 Β.
1388 1757 1468 1811 ἐγώ
1499 1760 1546 1799 δὲ

192 1819 351 1859 τοῦτον
393 1815 535 1869 μόνον
573 1816 835 1868 αἰσχύνομαι
875 1832 911 1856 κ.
955 1833 990 1856 τ.
1029 1817 1067 1856 λ.
1106 1815 1158 1856 al.
1205 1814 1378 1856 exhibet
1417 1813 1545 1855 etiam

192 1873 536 1916 Plutarchus
589 1872 688 1914 Vol.
735 1872 770 1913 I.
814 1888 856 1927 p.
900 1871 992 1913 194.
1038 1871 1090 1912 B.
1147 1875 1218 1913 καὶ
1268 1877 1545 1926 ὸραπετευων

192 1930 379 1986 ατεχνῶς
420 1936 694 1983 ἐκυνηγεῖτο,
739 1932 852 1982 ,προς
890 1929 1034 1980 μόνον
1064 1934 1230 1970 ἐκεῖνον
1262 1931 1368 1982 ἔχων
1400 1925 1448 1970 τὸ
1481 1932 1543 1969 αὶ-

193 1989 374 2030 δεῖσθαι
406 1990 475 2028 καὶ
509 1985 558 2027 τὸ
593 1989 856 2040 ([οβεῑσι’7·(ει.
916 1985 1013 2026 Nec
1057 2000 1158 2026 vero
1192 1983 1395 2027 Socrates
1425 1983 1544 2025 vide-

191 2050 262 2085 tur
309 2044 353 2085 in
400 2043 674 2085 adolescente
728 2041 1109 2097 praestantissimis
1159 2042 1319 2097 ingenii
1369 2041 1545 2082 dotibus

193 2107 344 2143 ornato
376 2101 575 2156 exiguam
609 2114 728 2155 spem
758 2098 981 2154 posuisse3
1027 2114 1067 2138 v,
1101 2098 1242 2138 Plat.
1276 2098 1452 2152 Protag.
1485 2097 1543 2138 in.

194 2156 331 2215 Gorg.
363 2173 406 2213 p.
437 2158 533 2198 481.
575 2156 631 2197 D.
673 2154 871 2211 Sympos.
916 2171 955 2209 p.
989 2155 1069 2194 212
1103 2170 1225 2209 sqq.7
1270 2154 1344 2195 ubi
1374 2153 1542 2194 indoles

193 2221 324 2269 atque
355 2229 494 2256 mores
525 2212 766 2255 Alcibiadis
797 2211 953 2252 vividis
988 2210 1148 2266 depicti
1180 2218 1280 2252 sunt
1312 2211 1542 2252 coloribus.

194 2271 284 2314 Sed
317 2272 443 2313 istam
473 2271 636 2326 primae
663 2269 898 2311 iuventutis
931 2268 1216 2309 reverentiam
1248 2282 1344 2308 cum
1377 2266 1543 2322 pudore

192 2328 301 2370 inter
330 2329 436 2370 vitia
466 2334 508 2369 et
540 2327 744 2368 virtutem
776 2325 916 2366 medio
948 2325 1221 2366 coniunctam
1253 2323 1417 2379 expulit
1445 2339 1544 2365 mox

191 2392 321 2440 atque
371 2384 560 2426 abolevit
608 2383 832 2438 superbia,
880 2381 1121 2436 cupiditas,
1171 2396 1305 2437 prava
1352 2381 1541 2422 ambitio.

190 2442 306 2484 Nam
338 2442 413 2497 qui
449 2448 535 2482 tam
565 2440 828 2496 praeclaram
860 2454 979 2493 spem
1010 2437 1062 2479 de
1095 2454 1141 2479 se
1173 2437 1471 2490 excitavisset,
1506 2437 1541 2479 is

191 2499 361 2554 generis
396 2497 634 2551 nobilitate,
665 2496 910 2538 divitiarum
941 2495 1249 2549 magnitudine,
1278 2495 1437 2535 formae
1467 2509 1542 2535 ve-

191 2562 390 2609 nustate,
432 2555 560 2596 animi
599 2553 848 2610 ingeniique
895 2552 1125 2605 felicitate,
1179 2551 1364 2604 denique
1403 2550 1542 2591 homi-

191 2627 293 2653 num
323 2612 604 2653 admiratione
644 2610 750 2651 adeo
789 2615 1061 2650 transversus
1092 2614 1213 2649 actus
1246 2614 1336 2660 est,
1377 2613 1425 2648 ut
1454 2622 1540 2648 non

191 2668 319 2709 modo
360 2674 591 2724 praecepta
633 2666 824 2710 Socratis
866 2681 951 2706 non
994 2665 1176 2720 amplius
1221 2669 1414 2716 curaret,
1464 2663 1538 2704 sed

194 2725 322 2767 etiam
363 2727 501 2781 ipsum
542 2725 794 2783 magistrum
835 2723 964 2777 impie
1007 2721 1260 2778 negligeret.
1322 2720 1541 2773 Quocirca
