1644 3039
213 213 538 257 APOLOGIA
569 211 887 255 SOCRATIS.
932 213 975 253 P.
1009 211 1161 274 2303&

1285 210 1362 250 149

892 329 908 342 U

13 339 52 377 τί
82 330 204 384 ἄξιός
240 337 324 385 εὶμι
362 335 532 373 παθεῖν
568 327 592 382 ἢ
628 328 854 378 ἀποτῖσαι,
888 348 909 372 ο
950 346 990 371 τι
1019 327 1187 384 μαθών
1224 333 1269 370 ἐν
1303 329 1362 382 τῷ

10 404 91 457 βίῳ
129 398 207 455 οὐχ
245 398 429 454 {piant-<iau
467 391 573 451 ἦγον
607 395 697 438 ἀλλ’
738 396 961 451 ἀμελήσας
997 391 1139 451 ὧνπερ
1178 400 1220 438 oi
1257 397 1362 436 πολ-

12 471 102 519 λοί,
143 467 446 523 χρηματισμοῦ
491 481 535 507 τε
577 467 649 506 καὶ
687 468 940 518 οἰκονομίας
977 468 1050 506 καὶ
1087 464 1363 519 στρατηγιῶν

11 577 45 608 h.
71 577 113 608 de
139 586 206 617 qua
231 577 421 607 omissione
445 574 529 616 quid
545 573 814 605 existimandum
829 576 885 613 sit,
913 575 957 606 ad
973 585 1004 615 p.
1024 574 1079 608 17.
1103 574 1146 604 A.
1165 582 1240 612 cap.
1257 569 1284 600 I.
1309 569 1357 599 in.

14 623 278 655 declaravimus.

15 715 69 748 10.
86 719 120 746 et
136 713 430 745 librumMeieri
451 718 484 744 et
501 711 654 744 Schoe—

14 760 152 792 manni
209 759 348 800 saepius
396 759 573 790 laudatum
620 769 653 799 p.

17 807 84 841 739
108 816 160 847 sq.
191 823 236 829 —-
283 805 338 837 De
365 805 513 836 formula
539 804 568 835 τί
594 815 654 843 μα-

17 851 95 884 θών
119 858 153 883 et
179 848 199 882 ὅ
217 862 244 881 τι
264 849 396 888 μαθών,
424 852 521 882 euius
541 860 655 882 exem—

17 901 76 941 pla
101 899 241 939 collegit
260 898 440 929 Casaub.
464 898 507 928 ad
526 898 655 928 Athen.

18 945 124 977 XIII.
142 944 174 978 9.
204 943 436 975 Heindorf.
464 943 508 974 ad
526 943 656 984 Euthy-

19 993 108 1023 dem.
123 1001 156 1031 p.
175 989 242 1023 339
257 1000 322 1030 sq.,
341 991 532 1030 disputavit
558 989 658 1020 Her-

18 1046 198 1069 mannus
222 1036 267 1067 ad
295 1035 410 1077 Viger.
441 1046 474 1076 p.
502 1036 568 1070 759
595 1046 657 1076 sq.,

20 1083 175 1115 Praefat.
201 1083 247 1112 ad
272 1083 508 1122 Aristoph.
539 1081 655 1113 Nubb.

18 1141 52 1171 p.
76 1128 198 1160 XLVI
223 1138 299 1168 sqq.
325 1129 379 1159 ed.
401 1138 480 1167 see„
503 1129 561 1169 qui
586 1129 660 1168 qui-

22 1177 99 1207 dem
129 1175 324 1215 posteriore
355 1175 433 1205 loeo
474 1175 505 1204 τί
536 1171 660 1213 μαθόι

21 1227 56 1253 et
89 1218 107 1251 ὅ
147 1231 179 1251 u·
216 1217 339 1259 μαθων
374 1220 505 1260 ubique
543 1225 661 1251 censet

21 1267 224 1299 mutandum
249 1276 323 1297 esse
348 1267 385 1297 in
410 1267 442 1296 τί
470 1264 595 1297 παθών
629 1272 662 1297 et

23 1311 43 1345 ὅ
70 1325 99 1344 τι
123 1310 265 1351 παθών,
302 1313 454 1353 exceptis
486 1313 529 1345 iis
563 1313 661 1352 locis,

22 1360 82 1391 ubi
124 1358 300 1399 significet
343 1359 507 1390 formula:
553 1359 663 1400 quid

21 1407 220 1438 edoctus.
291 1404 366 1436 Nos
419 1409 532 1436 tamen
587 1416 662 1436 cum

24 1450 192 1482 Wolfio
219 1451 264 1482 ad
290 1451 430 1492 Leptin.
456 1461 489 1492 p.
517 1450 585 1484 348
610 1461 660 1491 sq.

23 1502 209 1538 utrumque
239 1501 332 1528 recte
365 1497 431 1528 dici
469 1507 661 1528 censemus.

24 1542 234 1585 Quanquam
268 1544 359 1573 enim
395 1544 428 1574 τί
449 1543 594 1582 ἔμαθεςς
624 1544 660 1574 in

22 1590 185 1621 absoluta
220 1589 393 1620 sententia
425 1599 496 1621 non
529 1590 659 1631 reperi?

25 1643 80 1666 tur
105 1635 207 1666 sicuti
239 1635 272 1666 τί
291 1634 442 1671 §fraihn
474 1641 507 1668 et
540 1638 571 1667 τί
599 1633 661 1667 πά-

27 1690 134 1722 σχεις,·
154 1681 251 1713 cuius
276 1682 327 1713 rei
351 1691 475 1714 caussa
499 1683 535 1714 in
552 1692 592 1714 eo
611 1687 663 1713 est

24 1728 152 1770 posita,
177 1726 270 1768 quod
294 1729 332 1758 iu
356 1728 504 1762 talibus·
533 1740 560 1759 τι
585 1728 662 1767 ἐμα-

25 1775 91 1805 θες
115 1771 198 1804 ὥςτε
223 1773 326 1804 ταῦτα
361 1774 520 1814 ποιῆσαι,
557 1775 663 1815 parti-

27 1821 156 1861 cipium
182 1820 271 1851 solet,
293 1830 457 1860 regnare:
491 1826 605 1852 tamen
631 1821 667 1851 in

26 1866 317 1907 responsionibus
367 1871 459 1898 certe
501 1867 668 1898 ereberri-

26 1922 120 1944 mum
145 1916 196 1943 est
222 1908 287 1942 οὐκ
311 1912 445 1951 ἔμαθον
470 1918 504 1945 et
523 1912 667 1952 ἔμαθον,

31 1968 96 1990 nec
121 1967 236 1989 rarum
262 1963 315 1990 est
338 1958 445 1997 μαθέ,
475 1960 579 1991 modo
604 1960 667 1990 im-

28 2005 203 2046 perativ03
229 2005 265 2036 id
290 2005 384 2046 quod
409 2005 526 2037 multis
553 2016 667 2037 exem-

27 2051 96 2092 plis
126 2051 170 2082 ad
199 2050 407 2092 Euthydem.
442 2063 475 2094 p.
511 2051 588 2085 283.
623 2049 664 2083 E.

28 2098 356 2128 demonstravimus.
383 2097 574 2139 Hocigitur
590 2097 667 2137 ἔμα-

28 2142 100 2174 θον
123 2147 158 2174 et
186 2138 252 2174 οὐκ
282 2142 418 2182 ἔμαθον
452 2154 494 2176 ex
522 2155 668 2185 respon-

31 2189 168 2220 sionum
191 2199 256 2220 usu
274 2189 411 2221 videtur
432 2191 466 2222 in
483 2191 669 2222 formulam

31 2235 304 2275 interrogantem
335 2237 368 2266 τί
401 2234 524 2274 μαθών
556 2242 669 2268 trans-

30 2281 126 2319 iisse,
151 2280 200 2311 ita
224 2281 363 2320 quidem
385 2287 424 2313 ut
447 2283 538 2315 inter
563 2284 596 2313 τί
610 2294 669 2321 μα-

32 2323 111 2357 θών
126 2330 161 2357 et
176 2326 208 2356 τί
218 2323 344 2356 παθών
355 2327 540 2360 discrimen
560 2330 671 2369 quod-

33 2373 113 2404 dam
136 2373 250 2404 locum
268 2372 412 2404 haberet
435 2375 477 2405 ab
497 2375 572 2415 ipsa
587 2385 671 2415 qua-

33 2419 63 2450 si
86 2423 211 2450 natura
236 2419 473 2451 constitutum.
522 2420 613 2452 Nam
643 2421 675 2450 τί

35 2462 170 2502 παθών,
197 2475 337 2506 quare
360 2465 670 2507 affectus,per-

34 2512 122 2542 tinet
146 2512 191 2543 ad
215 2512 431 2552 arguendum
463 2513 567 2543 animi
592 2523 670 2553 pra—

33 2567 115 2588 vum
127 2557 288 2589 affectum
304 2562 338 2588 et
351 2558 568 2590 temerariam
580 2569 670 2590 com-

35 2604 243 2642 motionem3
286 2604 347 2635 sed
381 2605 414 2635 τί
443 2601 567 2643 μαθών
600 2609 669 2636 est:

37 2650 138 2690 quid
169 2650 372 2690 edoctus,
403 2661 484 2691 qua
516 2651 671 2682 ductus

37 2696 263 2735 opinione,
300 2707 382 2737 qua
414 2701 558 2728 motus
585 2707 672 2728 sen-

38 2743 206 2780 tentia3
232 2743 326 2783 quod
348 2743 498 2774 refertur
520 2743 565 2774 ad
580 2752 674 2774 men-

38 2787 82 2818 tis
117 2788 447 2822 inconsiderantiam
485 2795 518 2821 et
554 2789 675 2820 iudicii

326 621 488 653 Ridicule
514 621 621 661 igitur
647 620 789 660 quidam
825 619 946 662 ἄνδρες
977 621 1092 652 ubivis
1123 618 1341 659 expulerunt.

721 714 993 752 perversitatem.
1054 711 1129 743 Nos
1163 711 1244 741 item
1280 709 1363 739 diri-

724 768 818 788 mus:
846 770 930 790 was
960 758 1076 790 ficht
1100 757 1196 789 dich
1223 755 1300 787 an?
1333 759 1367 785 et.

725 815 811 835 was
845 804 951 836 salit
990 806 1057 836 dir
1090 804 1185 835 ein?
1221 813 1246 833 s.
1278 811 1365 832 was

725 851 883 882 kommt
925 852 995 882 dir
1028 852 1070 881 in
1110 851 1190 880 den
1227 847 1364 878 Simu?

726 896 799 928 Nec
817 898 982 929 abhorret
1008 897 1092 927 illud
1117 893 1365 933 Franeogallo-

726 954 820 977 runi:
854 944 935 981 Qui
969 954 1075 974 vous
1111 953 1130 973 a
1165 940 1320 981 appris
1348 937 1368 968 Ξι,

728 990 842 1021 faire
867 990 982 1021 cela?
1010 989 1163 1027 Quocira
1187 987 1275 1017 hane
1291 985 1365 1025 qui-

728 1037 805 1068 dem
830 1037 1083 1067 dubitationem
1117 1035 1159 1065 de
1193 1034 1226 1063 τί
1245 1029 1369 1070 psam-iv

728 1084 860 1114 nullam
878 1093 953 1114 esse
970 1087 1141 1123 putamus
1178 1078 1248 1110 Sed
1274 1077 1369 1108 aliud

728 1130 812 1170 quid
831 1135 894 1168 est,
910 1129 1002 1168 quod
1019 1127 1286 1168 explicationem
1310 1124 1368 1153 dc-

729 1177 868 1207 sidetet.
918 1174 1032 1211 Quum
1066 1174 1157 1204 enim
1188 1183 1214 1202 τι
1248 1181 1302 1209 μα
1295 1167 1372 1199 :mv

730 1227 763 1253 et
796 1233 822 1252 τι
859 1218 983 1252 παθωί
1016 1221 1053 1251 in
1085 1224 1179 1250 recta
1212 1216 1371 1248 oratione

729 1268 929 1299 facillimam
953 1267 1082 1298 habent
1112 1264 1372 1304 interprzetitio-

730 1325 826 1352 nem,
858 1319 973 1345 tamen
1000 1312 1094 1353 quod
1125 1314 1312 1350 usurpatur
1336 1309 1372 1338 in

732 1370 771 1391 oi
774 1360 892 1392 itione
918 1356 1079 1391 aliunde
1071 1366 1267 1398 suspensa,
1297 1352 1317 1385 ὅ
1345 1366 1371 1384 τι

731 1404 854 1445 μαθώι
879 1410 912 1437 et
939 1403 958 1436 ὅ
991 1417 1018 1436 τι
1044 1401 1169 1435 παθιὶι
1195 1401 1370 1443 quomodo

733 1453 988 1493 expediendum
1015 1452 1077 1490 sit,
1107 1450 1208 1480 valde
1235 1448 1371 1479 dubita-

732 1505 803 1529 tum
842 1503 903 1533 est,
941 1509 971 1528 v.
1006 1498 1247 1528 Hermann.
1289 1495 1310 1525 l.
1342 1504 1370 1526 c.

730 1545 954 1576 Matthiae
982 1542 1032 1574 Gr
1078 1543 1108 1582 ᾗ.
1135 1541 1214 1575 567.
1241 1540 1370 1571 Bern-

730 1591 867 1632 hardy
899 1591 997 1632 Synt.
1031 1601 1063 1631 p.
1086 1588 1165 1622 293.
1201 1587 1244 1618 al.
1296 1585 1371 1617 Nos

730 1638 814 1679 quid
853 1638 1066 1674 sentiamus,
1100 1634 1221 1676 paucis
1260 1633 1372 1664 decla-

730 1694 826 1715 rasse
847 1684 991 1715 iuvabit.
1042 1682 1106 1713 Est
1131 1680 1223 1712 enim
1254 1680 1286 1709 τί
1315 1689 1373 1716 μα-

730 1727 809 1760 θών
846 1734 879 1760 et
910 1730 944 1759 τί
980 1725 1105 1758 παθών
1142 1725 1374 1765 interrogatio

735 1775 893 1807 mirantis
919 1775 975 1806 vel
999 1773 1228 1814 indignantis.
1278 1769 1375 1808 Quae

737 1822 875 1863 quidem
901 1821 1132 1861 interrogatio
1159 1816 1319 1859 quonlam
1338 1828 1375 1847 o-

736 1869 853 1899 mnino
872 1868 1046 1909 significat
1061 1866 1161 1898 cur?
1185 1874 1308 1905 quam
1326 1863 1374 1893 ob

737 1913 961 1946 caussam?
985 1913 1113 1945 factum
1133 1917 1195 1951 est,
1217 1915 1254 1941 ut
1273 1910 1376 1940 etiam

734 1961 880 1992 relative
904 1964 1091 2001 poneretur
1125 1963 1175 1996 et,
1209 1956 1374 1998 quoniam

734 2007 920 2038 admiratio
951 2007 1007 2036 vel
1034 2004 1233 2046 indignatio
1268 2003 1374 2033 licen-

733 2054 859 2084 tiorem
884 2053 1055 2084 orationis
1081 2052 1229 2082 formam
1252 2049 1306 2080 vel
1324 2048 1374 2079 af-

735 2100 803 2130 fert
827 2099 883 2130 vel
896 2099 1038 2139 patitur,
1063 2109 1141 2129 cum
1153 2097 1288 2137 reliquo
1305 2105 1375 2125 ser-

735 2155 837 2177 mone
860 2145 1004 2176 liberius
1029 2145 1310 2183 coniungeretur,
1339 2145 1377 2170 ut

735 2193 828 2223 idem
854 2191 925 2222 fere
946 2195 1037 2222 esset
1063 2190 1156 2230 quod
1180 2193 1376 2230 propter-

738 2248 783 2269 ea
816 2238 945 2278 quod,
977 2237 1142 2268 adiuncta
1170 2240 1287 2266 tamen
1313 2243 1376 2264 no-

737 2285 833 2315 tione
864 2283 1146 2324 reprehensionis
1171 2282 1227 2312 vel
1249 2290 1378 2312 amen-

738 2330 782 2361 tis
807 2330 863 2360 vel
903 2331 944 2360 ab
981 2329 1086 2360 animi
1119 2328 1268 2368 quadam
1299 2335 1377 2366 per-

737 2376 902 2407 versitate
945 2376 1078 2407 ductae.
1126 2374 1252 2414 Itaque
1287 2372 1379 2403 hunc

737 2423 853 2453 locum
879 2421 1083 2453 Germanice
1118 2421 1167 2451 sie
1197 2419 1269 2450 fere
1299 2418 1378 2449 red-

739 2469 819 2499 dere
861 2468 999 2499 licebit:
1039 2477 1126 2498 was
1165 2465 1378 2496 verdiene

737 2514 806 2545 ich
837 2514 954 2546 wohl
994 2524 1043 2544 zu
1080 2512 1228 2544 leiden
1270 2511 1378 2542 oder

738 2571 786 2591 zu
817 2560 1002 2597 bfissen,
1035 2570 1124 2591 was
1156 2559 1235 2589 mir
1267 2555 1378 2588 doch

738 2606 1070 2646 beigekommen
1133 2606 1209 2643 ist,
1276 2604 1378 2634 dass

739 2653 809 2684 ich
835 2653 890 2684 im
916 2663 1079 2693 ganzen
1096 2651 1241 2683 Leben
1258 2649 1379 2681 nicht

739 2699 871 2739 ruhig
909 2709 1013 2738 war,
1052 2699 1074 2729 i.
1108 2708 1138 2730 e.
1174 2695 1378 2735 deshalb‚

741 2744 841 2776 weil
867 2745 936 2776 ich
959 2755 1034 2776 aus
1056 2741 1380 2776 Verkehrtheit

743 2791 814 2822 des
873 2790 1024 2822 Sinncs
1085 2790 1204 2822 nicht
1258 2788 1382 2822 Ruhv,
