1644 3039
477 172 571 213 AD
614 170 1019 214 CRITONEM.
1357 172 1434 211 185

79 284 392 342 perspiciatur,
442 285 588 342 fugam
625 283 819 327 Socratis
858 300 912 326 ne.
949 284 1098 325 utilem
1132 282 1306 339 quidem
1345 283 1433 325 ullo

79 340 208 384 modo
250 342 364 396 fore,
405 341 482 385 sed
524 342 669 397 potius
709 341 884 382 noxiam
917 348 960 383 et
993 341 1265 394 damnosam,
1308 356 1432 396 prae—

80 397 227 442 sertim
263 414 396 454 quum
425 400 590 455 patriae
622 413 844 440 eversores
872 414 1013 454 poena
1033 397 1271 440 iniustitiae
1305 398 1434 439 etiam

77 463 181 512 post
211 463 391 498 mortem
422 463 606 497 maneat.
666 455 843 497 Etenim
887 463 1108 511 postrema
1140 455 1246 496 haec
1277 462 1326 495 ut
1357 453 1433 495 ad-

79 513 306 566 derentur,
351 512 406 554 ad
446 512 639 554 Critonis
679 512 939 554 sententiam
978 513 1106 568 plane
1151 511 1435 553 refellendam

78 586 313 626 sanequam
344 585 454 625 opus
495 570 598 623 fuit,
644 569 804 624 quippe
839 584 966 623 quem
992 568 1309 619 meminerimus
1350 568 1435 609 uti·-

77 627 214 669 litatis
255 627 529 683 potissimum
566 626 807 669 rationibus
859 635 1079 681 tamquam
1124 641 1220 668 cum
1269 625 1436 667 iustitia

79 684 322 726 coniunctis
359 683 589 739 plurimum
627 683 830 725 tribuere.
899 682 1054 738 Itaque
1098 682 1223 724 facile
1256 688 1437 739 apparet

79 741 322 798 argumenti
363 740 702 796 descriptionem
754 745 885 794 atque
936 740 1240 782 tractationem
1281 740 1434 794 utique

78 813 173 839 esse
205 797 597 854 elegantissimam,
631 812 741 853 quae
773 797 970 838 Platonis
1001 797 1176 853 ingenio
1209 796 1435 852 haudqua-

78 869 207 909 quam
236 854 416 910 indigna
447 854 516 896 sit.
824 860 829 865 '

193 912 285 953 Iam
314 927 418 953 vero
449 911 549 953 libri
580 917 836 967 argumento
867 911 1128 967 perlustrato
1159 909 1354 964 sequitur
1389 916 1437 949 ut

78 969 229 1024 paucis
261 967 529 1023 querendum
561 969 619 1010 sit
651 967 703 1009 dc
734 968 872 1024 ipsius
909 983 1074 1010 summo
1110 966 1306 1009 consilio.
1366 965 1435 1006 De

78 1041 165 1080 qua
194 1040 240 1067 re
271 1025 396 1067 nobis
427 1024 600 1079 quidem
630 1024 804 1067 videtur
835 1041 921 1066 non
952 1024 1062 1066 adeo
1093 1024 1275 1066 multum
1308 1021 1435 1063 dubi-

76 1083 161 1124 tari
190 1097 335 1138 posse.
394 1081 582 1123 Videtur
612 1082 725 1124 enim
746 1082 918 1124 Platoni
949 1083 993 1123 in
1020 1097 1071 1124 eo
1102 1079 1319 1122 exarando
1353 1079 1435 1121 hoc

77 1154 210 1180 unum
247 1138 432 1180 maxime
473 1139 604 1180 fuisse
644 1140 938 1195 propositum,
981 1145 1029 1179 ut
1072 1138 1296 1181 Socratem
1327 1144 1436 1177 tam—

79 1211 208 1250 quam
238 1195 446 1251 optimum
475 1195 613 1237 civem
642 1211 827 1249 eumque
857 1196 1000 1252 legum
1021 1195 1253 1251 patriarum
1286 1194 1434 1236 obser-

77 1252 376 1295 vantissimum
393 1252 641 1293 institueret
671 1268 721 1294 ac
752 1251 1019 1294 describeret
1046 1251 1282 1306 eademque
1304 1266 1437 1306 opera

78 1309 252 1351 omnino
284 1308 533 1351 ostenderet
563 1324 613 1350 ac
643 1309 843 1363 doceret,
884 1310 928 1351 in
961 1309 1156 1351 colendis
1189 1308 1342 1350 officiis
1375 1308 1435 1349 ci-

78 1366 237 1408 vilibus
267 1381 353 1407 nou
383 1365 427 1407 id
458 1381 552 1408 esse
583 1366 882 1421 spectandum,
915 1373 963 1408 ut
994 1373 1068 1407 aut
1089 1366 1310 1407 hominum
1341 1365 1436 1420 opi-

77 1423 280 1465 nionibus
323 1429 398 1463 aut
437 1423 708 1479 propriorum
743 1422 1081 1478 „commodorum
1112 1423 1269 1465 studiis
1300 1423 1436 1463 inser-

80 1480 245 1533 viatur,
287 1479 361 1534 qui
391 1494 485 1521 mos
515 1495 618 1521 sane
647 1479 821 1522 labente
851 1488 997 1522 vetere
1038 1479 1269 1536 disciplina
1299 1480 1343 1520 in
1376 1479 1436 1520 ci-

77 1537 215 1578 vitate
243 1536 515 1578 Athenarum
547 1536 701 1578 mirum
733 1546 942 1592 quantum
969 1537 1235 1590 invaluerat,
1278 1535 1355 1578 sed
1385 1535 1436 1576 il-

78 1593 154 1635 lud
182 1593 329 1649 potius
362 1607 457 1635 esse
489 1593 781 1647 sequendum,
822 1600 872 1636 ut
911 1595 1018 1636 rccti
1049 1594 1307 1649 honestique
1339 1608 1436 1648 per-

79 1651 223 1693 suasio
263 1656 394 1706 atque
433 1650 626 1692 iustitiae
666 1651 876 1693 sanctitas
907 1666 1003 1693 cum
1037 1650 1123 1692 fide
1154 1663 1197 1692 et
1226 1650 1436 1706 religione

79 1707 312 1749 coniuncta
341 1723 419 1762 per
449 1708 594 1748 onmia
624 1707 892 1749 observetur.
954 1707 1054 1761 Quo
1095 1708 1223 1749 modo
1255 1707 1300 1748 id
1333 1722 1436 1749 con-

77 1770 287 1819 sequutus
317 1771 410 1817 est,
442 1770 491 1805 ut
520 1770 609 1805 tam
642 1763 865 1807 Socratem
898 1780 1024 1819 quam
1057 1765 1193 1820 ipsius
1225 1765 1437 1806 rationem

77 1836 129 1863 ac
158 1820 433 1876 disciplinam
463 1821 516 1863 ab
548 1836 697 1862 eorum
728 1822 1099 1864 criminationibus
1130 1820 1433 1874 vindicaverit,

78 1877 154 1933 qui
191 1877 310 1919 illum
359 1877 524 1920 civitati
563 1877 839 1920 dictitassent
888 1879 1082 1921 extitisse
1123 1878 1434 1931 adversarium,

78 1934 293 1990 simulque
332 1934 578 1977 exhibuerit
615 1935 720 1977 boni
769 1936 876 1978 civis
914 1936 1171 1992 imaginem,
1224 1936 1268 1977 in
1310 1950 1438 1990 quam

77 1992 296 2033 intuentes
339 1991 540 2046 aequales
582 1998 712 2046 atque
752 1993 914 2048 posteri
952 1992 1194 2050 intelligere
1240 1999 1436 2049 possent,

79 2048 235 2104 quibus
266 2049 466 2090 sensibus
499 2048 675 2090 animati
708 2065 802 2091 esse
834 2049 1045 2092 deberent
1075 2065 1238 2103 omnes,
1271 2050 1344 2104 qui
1377 2051 1437 2090 ci-

79 2106 196 2147 vium
235 2105 449 2147 bonorum
489 2112 619 2160 atque
651 2107 863 2148 iustorum
903 2107 1050 2148 officia
1091 2117 1208 2152 recte
1241 2107 1361 2151 obire
1393 2112 1438 2147 et

81 2162 256 2216 explere
287 2162 462 2204 vellent.
525 2162 800 2218 Quamquam
841 2163 991 2205 eadem
1033 2168 1266 2209 occasione
1308 2163 1437 2205 etiam

79 2217 188 2259 illud
228 2218 398 2259 videtur
436 2219 579 2274 palam
618 2220 759 2262 facere
805 2220 1021 2274 voluisse,
1073 2224 1326 2278 neutiquam
1363 2219 1436 2261 de-

79 2275 213 2316 fuisse
263 2275 356 2316 viro
405 2276 725 2331 sapientissimo
776 2278 1010 2319 amicorum
1061 2284 1105 2319 et
1162 2277 1435 2321 familiarium

79 2331 222 2386 ipsum
263 2347 434 2373 servare
474 2333 738 2388 cupientium
770 2334 937 2387 studia,
982 2333 1099 2389 quod
1130 2339 1314 2380 fortasse
1345 2336 1435 2376 fue-

79 2394 182 2430 runt
224 2388 298 2442 qui
340 2387 424 2430 illis
462 2390 698 2432 vertissent
736 2391 995 2448 opprobrio,
1046 2406 1193 2437 verum
1241 2393 1436 2436 extitisse

79 2445 256 2499 utique,
298 2445 371 2499 qui
412 2460 508 2486 eum
547 2446 786 2490 imminenti
826 2448 977 2489 mortis
1019 2450 1210 2502 periculo
1242 2456 1435 2506 ereptum

78 2502 264 2556 vellent,
304 2501 383 2543 sed
422 2502 500 2544 hos
531 2502 651 2558 ipsos
682 2505 724 2546 vi
765 2505 960 2548 veritatis
992 2505 1131 2551 victos
1168 2508 1436 2549 voluntatem

82 2573 204 2600 suam
243 2559 441 2615 magistri
479 2560 651 2601 saniora
691 2568 734 2603 et
775 2561 1037 2618 sapientiora
1080 2564 1302 2607 suadentis
1333 2580 1436 2605 con-

82 2615 188 2658 siliis
218 2622 466 2658 reverenter
496 2616 763 2660 submisisse.

194 2674 342 2728 Atque
379 2673 487 2715 haec
526 2673 699 2727 quidem
739 2676 810 2718 ubi
851 2676 1141 2731 tenuerimus,
1201 2684 1316 2719 certe
1356 2692 1435 2718 nec

84 2728 314 2772 obscurum
346 2730 440 2783 erit,
475 2730 691 2784 quomodo
714 2732 841 2776 Plato
873 2748 1043 2787 munus,
1077 2734 1194 2788 quod
1227 2734 1308 2776 sibi
1339 2749 1434 2790 per-
