1644 3039
154 210 472 255 PLATONIS
504 209 890 252 APOLOGIAM
922 209 1240 254 SOCRATIS.
1328 212 1375 252 15

29 333 77 367 ut
115 326 332 367 Platonici
376 325 567 369 Socratis
608 325 798 379 speciem
837 331 967 378 atque
1007 324 1238 380 imaginem
1277 339 1376 365 vere

29 382 325 424 adumbratam
365 398 458 425 esse
503 381 722 424 luculente
761 382 1032 423 testificetur.
1117 382 1262 434 Atque
1311 380 1377 423 his

28 439 226 481 omnibus
266 440 327 481 ita
367 439 574 496 expositis
617 439 801 502 primum
844 438 1017 492 quidem
1055 437 1252 479 videmur
1289 453 1376 480 non

28 496 182 537 iniuria
219 497 280 537 ita
323 503 535 561 statuere,
576 501 624 536 ut
662 494 890 536 universae
929 495 1138 537 orationis
1187 494 1376 536 indolem

26 553 156 597 talem
193 568 288 595 esse
337 553 571 595 existimari
609 557 829 607 oporteat,
871 552 987 593 unde
1029 551 1252 594 Socratem
1289 567 1375 593 non

28 609 156 651 alium
198 625 325 665 quam
363 611 508 652 vivum
549 623 886 666 germanumque
919 623 1249 665 cognoscamus.

137 700 233 742 Nec
264 716 366 743 vero
405 700 527 741 aliter
565 697 843 740 iudicandum
885 697 1085 750 videtur,
1131 699 1204 740 ubi
1246 699 1374 743 etiam

25 756 142 811 ipsas
184 772 279 810 res,
321 772 431 812 quae
468 757 512 798 in
542 756 764 812 Apologia
805 755 988 796 t1aditae
1028 761 1151 808 sunt,
1195 757 1376 812 propius

25 812 454 856 consideraverimus.
515 813 812 867 Quaecunque
859 812 971 853 enim
1003 811 1055 853 de
1084 811 1374 868 philosophia,

25 884 154 934 quam
176 870 356 918 coluerit
374 870 590 924 Socrates,
624 869 676 911 de
695 869 922 925 religione,
955 884 1083 933 quam
1105 870 1370 924 probaverit,

24 926 78 968 de
107 926 196 968 vita
225 927 366 977 civili,
398 943 526 987 quam
553 927 713 983 egerit,
746 926 799 968 de
831 927 997 968 caussis
1031 926 1141 980 odii,
1183 927 1227 967 111
1258 903 1376 981 quod

23 983 278 1038 incurrerit,
312 983 507 1040 denique
531 962 604 1027 deo
615 984 734 1026 varia
764 982 1114 1048 necessitudine,
1161 999 1248 1039 qua
1278 999 1376 1025 cum

23 1040 189 1083 civibus
218 1042 308 1083 suis
327 1041 586 1084 coniunctus
617 1041 786 1094 vixerit,
819 1041 887 1082 vel
907 1041 1126 1104 copiosius
1147 1041 1215 1082 vel
1247 1041 1376 1082 etiam

21 1095 196 1140 brevius
227 1104 529 1153 exponuntur,
563 1114 613 1140 ea
642 1098 840 1154 profecto
873 1113 1016 1139 omnia
1043 1097 1190 1139 valent
1221 1112 1296 1152 eo,
1328 1105 1376 1139 ut

22 1153 76 1195 iis
92 1154 318 1218 cognitis,
351 1154 584 1198 dummodo
615 1155 845 1211 diligenter
875 1154 1210 1210 peipendantur,
1240 1155 1375 1196 vitam

23 1210 104 1251 viri
135 1212 441 1267 sapientissimi
471 1218 676 1267 tanquam
705 1214 749 1253 in
780 1211 928 1253 tabula
960 1211 1146 1265 quadam
1177 1211 1231 1252 ad
1262 1212 1374 1255 veii-

23 1267 126 1309 tatis
157 1283 350 1310 normam
382 1268 643 1325 descriptam
674 1283 849 1311 cernere
880 1267 1116 1309 videamur.

134 1348 248 1390 Nam
288 1348 340 1389 de
382 1347 536 1390 studiis
567 1347 869 1404 philosophiae
900 1348 1036 1404 ipsius
1067 1348 1103 1390 si
1136 1347 1372 1402 quaeritur,

21 1405 203 1461 primum
235 1404 409 1459 quidem
437 1404 531 1460 ipse
561 1421 603 1461 p.
626 1406 690 1446 18.
710 1405 762 1446 B.
785 1430 838 1435 -—
861 1407 927 1447 20.
948 1404 998 1447 C
1031 1404 1223 1447 ostendit
1251 1420 1373 1445 num-

26 1476 153 1516 quam
191 1475 237 1504 se
281 1467 355 1503 aut
393 1461 722 1516 quaestionibus
765 1462 854 1518 ph)
859 1462 959 1505 sicis
993 1461 1166 1503 dedisse
1197 1476 1372 1517 opeiam

19 1524 94 1560 aut
123 1524 259 1560 artem
291 1517 465 1560 dicendi
496 1518 790 1574 sophisticam,
823 1534 933 1573 quae
955 1519 1151 1560 veritatis
1181 1519 1371 1560 lationes

18 1581 263 1631 pervertere
302 1575 464 1640 soleat,
514 1575 700 1617 coluisse
744 1581 874 1630 atque
915 1576 1171 1618 exercuisse.
1240 1574 1373 1628 Quod

17 1632 145 1688 plane
175 1647 270 1674 esse
293 1632 467 1674 veritati
488 1639 841 1685 consentaneum,
863 1633 981 1674 nullo
999 1633 1177 1689 negotio
1203 1632 1371 1674 ostendi

17 1694 175 1744 potest.
247 1688 476 1744 Quotquot
524 1690 638 1730 enim
679 1689 731 1731 de
781 1689 934 1731 studiis
973 1670 1167 1732 Socratis
1223 1695 1373 1731 extant

17 1751 210 1787 veterum
241 1747 501 1801 scriptorum
529 1746 803 1799 testimonia,
843 1747 895 1788 iis
935 1746 1171 1789 certissime
1212 1746 1371 1787 confir-

16 1808 157 1843 matur
173 1803 313 1844 virum
333 1803 698 1858 sapientissimum
729 1818 754 1843 a
773 1803 1051 1858 physicorum
1074 1819 1225 1858 occup
1215 1802 1370 1844 itioni-

15 1858 98 1901 bus
135 1859 271 1900 fuisse
310 1874 492 1900 maXIme
536 1859 735 1900 alienum.
796 1860 924 1902 Licet
955 1860 1067 1901 enim
1097 1860 1368 1924 superiorum

16 1914 371 1971 philosophorum
413 1915 466 1956 de
506 1916 665 1958 talibus
709 1917 836 1959 rebus
880 1917 1107 1972 opiniones
1159 1917 1242 1972 ipsi
1284 1931 1369 1958 non

16 1971 145 2026 plane
175 1972 352 2028 ignotae
382 1972 632 2026 manserint,
663 1972 708 2014 id
740 1973 857 2028 quod
885 1989 1009 2015 nemo
1040 1979 1199 2015 temere
1226 1974 1270 2015 in
1289 1974 1369 2015 du-

16 2028 267 2070 bitationem
296 2030 542 2082 vocaverit,
575 2005 927 2084 qiiandoquidem
958 2030 1027 2072 vel
1059 2046 1111 2071 ex
1142 2046 1217 2084 eo,
1250 2033 1368 2086 quod

15 2084 334 2149 philosophiam
373 2085 425 2128 de
465 2086 589 2128 coelo
620 2087 665 2128 in
704 2100 840 2130 terras
876 2087 1113 2129 devocasse
1145 2093 1187 2129 et
1215 2088 1259 2128 in
1290 2088 1368 2131 ho-

14 2157 177 2183 imnum
217 2141 368 2185 domos
410 2143 700 2185 intioduxisse
732 2151 956 2198 narratur,
995 2145 1122 2186 facile
1162 2144 1367 2209 intelligi-

14 2204 86 2239 tur
127 2214 224 2240 eum
261 2199 578 2256 philosophiam
616 2201 820 2243 moralem
856 2203 937 2258 ph)
934 2201 1051 2243 sicis
1091 2201 1365 2257 opposuisse,

15 2270 55 2295 v.
96 2255 324 2312 Diogen.
363 2217 545 2301 Laert.
575 2257 653 2370 ΠΡ
672 2261 734 2299 19.
765 2259 870 2300 Por
877 2259 1030 2315 phyr.
1063 2273 1130 2314 ap.
1165 2258 1367 2301 Theodo-

16 2317 94 2352 ret.
127 2309 204 2353 Gr.
235 2314 329 2353 Att.
362 2311 465 2356 Cur.
486 2314 594 2355 XII.
659 2317 788 2357 .l74.
830 2275 990 2357 Clem.
1022 2315 1102 2356 Al.
1134 2315 1169 2356 I.
1202 2331 1243 2369 p.
1269 2316 1365 2358 301.

14 2367 90 2409 ubi
151 2369 459 2425 Anaxagoram
516 2371 734 2414 audivisse
796 2379 839 2413 et
890 2372 1108 2414 A1chelao
1157 2372 1365 2427 magistro

14 2439 118 2466 usus
149 2439 244 2467 esse
284 2433 502 2477 narratur3
542 2435 686 2470 tamen
717 2429 845 2486 longe
877 2428 993 2470 aliud
1025 2428 1129 2483 quid
1160 2436 1247 2481 est,
1290 2429 1366 2471 do-

15 2481 179 2523 ctrinae
219 2482 400 2525 alicuius
439 2485 635 2526 notitiam
677 2486 759 2528 sibi
797 2501 1072 2541 comparare,
1115 2485 1233 2526 aliud
1273 2501 1365 2527 eam

14 2539 294 2594 comprobare
323 2554 504 2582 assensu
535 2557 612 2583 suo
645 2549 688 2583 et
718 2558 849 2598 opera
880 2558 958 2584 sua
983 2542 1112 2583 adiux
1102 2558 1201 2583 are.
1234 2541 1366 2596 Quod

13 2594 187 2660 quidem
225 2595 429 2639 Sociates
481 2598 598 2652 apud
641 2599 869 2641 Platonem
908 2615 933 2640 a
976 2615 1021 2641 se
1061 2600 1223 2640 iactum
1269 2615 1364 2643 esse

13 2651 237 2717 verissime
276 2660 432 2718 negat,
473 2655 708 2711 obiurgans
748 2657 876 2698 etiam
916 2667 958 2697 et
996 2657 1246 2711 vituperans
1278 2657 1364 2699 Co-

13 2708 148 2751 micos
166 2709 472 2766 imprlmisqne
484 2712 864 2775 Aristophanem,
910 2714 983 2768 qui
1022 2714 1164 2768 ipsum
1204 2719 1363 2756 temere

14 2763 58 2805 in
98 2766 189 2808 eius
229 2782 289 2808 rel
329 2768 621 2823 suspicionem
660 2770 776 2825 apud
815 2785 1014 2826 magnam
1045 2769 1363 2813 multitudinem
