1644 3039
209 136 538 179 APOLOGIA
571 134 892 179 SOCRATIS.
934 135 983 175 P.
1017 136 1081 177 36.
1116 134 1178 177 St.
1318 138 1394 175 145

34 253 255 309 ἀριθμόν.
279 254 331 297 οὐ
365 253 451 308 γὰρ
471 252 594 308 ᾤμην
614 255 742 306 ἔγωγε
762 250 875 294 οὕτω
898 250 996 307 παρ’
1021 252 1172 305 ὀλίγον
1194 256 1393 301 ἔσεσθαι,

32 319 145 364 ἀλλὰ
191 320 316 376 παρὰ
356 320 484 364 πολύ.
542 323 622 362 νῦν
667 322 730 368 δέ,
777 319 834 368 ὡς
870 324 1026 367 ἔοικεν,
1077 324 1110 361 εὶ
1153 319 1391 374 τριάκοντα

32 387 169 442 μόναι
201 395 438 444 μετέπεσον
474 390 561 430 τῶν
595 387 789 445 ψήφων,
835 385 1084 444 &stonsque
1099 405 1123 438 η
1157 385 1228 429 ἄν.
1300 390 1390 429 Μέ-

124 472 410 517 ᾰποπεφεύγη
455 473 526 515 ἄν]
578 475 619 504 V.
660 470 909 516 fineneqez‘yfer'
949 471 1000 504 ἄν.
1051 474 1202 504 Atticam
1242 474 1387 504 sormam

31 523 188 553 servavit
212 522 327 561 Bod1.,
353 523 389 553 in
415 521 662 565 quolvulgaris
688 521 886 551 terminatio
919 521 1154 561 superscripta
1180 525 1241 551 est.
1291 522 1391 561 Aug-

31 569 138 598 menti
163 569 256 609 apud
284 568 464 599 Platonem
488 567 525 598 in
549 567 887 608 plusquamperfecto
907 567 1024 598 omissi
1053 566 1208 606 exempla
1224 577 1294 597 non
1309 577 1388 596 rara.

30 618 122 645 sunt.
150 614 209 647 cfr.
235 614 279 645 ad
305 613 425 654 Remp.
449 613 493 644 ΙΙ.
517 612 596 646 374.
632 612 672 643 Β.
701 612 808 653 Gorg.
844 623 874 652 p.
906 613 984 645 5123.
1018 613 1059 643 E.
1098 611 1217 653 Symp.
1252 625 1281 654 p.
1307 611 1385 646 215.

29 659 72 690 Ε.
96 660 248 691 Matth.
274 658 410 700 §.16:3.
436 659 631 690 Fischer.
661 658 705 689 ad
732 658 874 689 W'eller.
905 660 940 688 ll.
974 669 1006 700 p.
1034 658 1112 692 317.
1139 657 1384 690 Hemsterln.

29 705 73 736 ad
97 705 243 737 Lucian.
270 705 313 736 T.
338 705 362 736 1.
387 716 420 747 p.
446 704 524 739 308.
550 705 642 736 Dein
670 705 774 745 vulgo
800 709 889 735 erat:
914 700 995 735 ἀλλὰ
1021 706 1074 735 καὶ
1105 706 1202 735 παι-τί
1226 704 1252 736 δ.
1279 705 1385 736 Recte

30 751 86 781 καὶ
116 752 308 783 extrudunt
342 753 476 792 optimi.

525 749 602 788 Qua
625 752 761 781 ratione
791 747 869 780 ἀλλὰ
902 757 981 791 post
1007 747 1050 782 οιῖ
1081 749 1191 788 μόνοι·
1223 753 1297 783 sine
1331 752 1383 781 καὶ

29 797 177 835 dicatur,
203 797 565 829 docuitHermann.
593 797 637 828 ad
656 798 768 837 xiger.
798 807 829 837 p.
846 796 922 830 837.
942 797 1132 829 Enimvero
1157 798 1204 828 itu
1223 798 1383 839 gradatio

27 842 134 874 habet
157 844 283 875 locum.

27 935 229 967 dicendum:
257 936 312 966 καὶ
339 933 379 977 δὴ
407 935 461 966 καὶ
480 935 592 971 τοῦτο,
620 932 669 966 ὅτι

27 976 91 1011 οὐκ
125 977 324 1013 αἰιὲλπιστόν
356 992 414 1020 μοι
441 992 471 1022 γ.
525 982 608 1013 Alia
633 982 668 1013 id

24 1036 135 1066 genus
165 1028 406 1068 congessimus
437 1029 481 1059 ad
507 1025 667 1069 Sympos.

23 1083 56 1114 p.
83 1072 164 1107 220.
190 1074 235 1105 A.
262 1073 400 1105 Criton.
425 1085 458 1115 p.
488 1073 542 1107 52.
572 1073 610 1104 C.

71 1139 184 1172 οὕτω
232 1138 328 1182 παρ’
378 1137 532 1184 ὀλίγον
582 1141 666 1173 ἔσε-

25 1187 145 1225 σθαι,
211 1182 315 1219 ἀλλὰ
370 1185 478 1229 παρὰ
532 1185 664 1226 πολύΙ

23 1233 131 1265 Recte
161 1233 428 1268 Fischerus:
462 1244 546 1265 non
580 1245 668 1275 spe-

23 1281 170 1312 rabam
195 1279 420 1320 fnturum,
447 1285 493 1310 ut
525 1291 669 1311 nume-

22 1336 97 1357 rus
149 1326 454 1366 calculorum,
507 1327 667 1367 quibus

20 1371 307 1410 absolverer,
370 1377 458 1404 tam
522 1383 666 1414 parum

20 1418 238 1449 differret
277 1417 327 1449 ab
365 1428 528 1457 eorum,
571 1419 665 1459 qui-

20 1463 100 1494 bus
173 1464 410 1503 damnarer,
474 1474 661 1496 numero:

19 1510 145 1541 immo
189 1509 393 1550 putabam
440 1519 660 1541 numerum

20 1556 302 1587 calculorum
359 1556 658 1587 absolutorio-

21 1612 116 1633 cum
149 1602 282 1642 longe
313 1606 569 1642 superatum
603 1603 659 1633 iri

17 1647 410 1680 damnatoriorum
463 1657 657 1680 numero.

15 1692 72 1725 De
115 1704 183 1734 quo
215 1703 280 1725 usu
322 1694 550 1725 formularum
582 1690 659 1734 παρ’

17 1734 135 1781 ὀλίγον
162 1745 196 1771 et
227 1737 318 1779 παρὰ
344 1737 432 1771 πολύ
457 1751 490 1770 v.
521 1745 660 1780 praeter

14 1785 239 1818 Budaeum
277 1785 473 1817 Commeat.
515 1785 557 1816 L.
602 1785 662 1817 Gr.

13 1842 47 1873 p.
87 1831 166 1865 209.
211 1832 401 1872 Vigerus
442 1842 475 1873 p.
514 1831 592 1865 647.
630 1838 663 1863 et

14 1878 246 1909 Matthiae.
277 1878 308 1918 ξ.
333 1876 411 1912 588.
439 1888 472 1908 n.
499 1877 530 1910 2.

59 1943 352 1985 είτριάκοντα
383 1943 511 1984 μόναι
550 1946 659 1984 μετέ-

16 1992 170 2034 πεσον]
222 1991 472 2029 Μεταπίπτειν,
523 1993 659 2024 aliter

15 2038 190 2078 cadere,
217 2039 402 2070 inaliam
423 2048 572 2070 urnam
592 2049 657 2070 ca-

15 2084 133 2121 dere,
158 2088 197 2116 ut
221 2084 577 2116 recteFischerus
601 2085 657 2116 in-

12 2133 241 2170 terpretatur,
290 2131 349 2172 qui
404 2131 525 2162 laudat
575 2132 657 2162 Ae-

15 2175 161 2207 schin.
187 2186 215 2208 c.
243 2176 398 2218 ctesiph.
429 2176 508 2210 461.
536 2176 578 2208 Τ.
605 2177 654 2209 ΙΙ.

14 2220 68 2251 ed.
108 2220 272 2262 Taylor.:
313 2222 346 2253 εἰ
381 2220 418 2252 δὲ
452 2224 510 2262 μία
547 2221 656 2261 μόνον

14 2264 204 2304 μετέπεσεν.
246 2267 451 2300 Lectionem
478 2272 564 2310 τρεῖς
586 2269 657 2300 iam

13 2310 96 2344 Bas.
139 2313 171 2346 2.
213 2314 361 2345 mutavit
390 2314 428 2344 in
466 2312 655 2355 τριάκοντα,

12 2359 216 2390 melioribus
233 2359 332 2391 libris
348 2361 657 2393 consentientibus.

11 2403 140 2446 Diog.
165 2404 314 2437 Lafirt.
341 2404 383 2436 ll.
408 2405 470 2438 41:
514 2402 567 2437 ὅτ’
593 2401 658 2438 οὖν·

13 2448 265 2493 κατεδικάσθη,
315 2449 507 2483 διακοσίαις
555 2448 656 2494 ὀγδο-

13 2493 142 2538 ήκοντα
173 2497 234 2539 μιᾷ
259 2497 389 2528 πλείοσι
424 2495 558 2539 ψήφοις
583 2498 654 2541 (sc.

12 2541 275 2585 2azsficudossn)
316 2543 382 2574 τῶν
416 2539 656 2577 ἅπολυονσῶν.

14 2585 113 2626 Quae
161 2591 339 2631 quomodo
389 2600 465 2621 cum
499 2590 658 2623 Platonis

13 2636 221 2671 narratione
246 2636 469 2667 concilianda
495 2637 575 2676 sint,
601 2647 658 2668 xa-

15 2680 66 2712 rie
92 2681 309 2723 disputatum
340 2686 401 2714 est.
428 2681 520 2713 Nam
535 2688 572 2713 ut
591 2682 656 2714 Fi-

13 2726 222 2759 scher-um
266 2729 424 2770 aliosque
463 2734 658 2767 faciamus.

53 2782 141 2815 Peat.
168 2784 259 2826 opp.
288 2785 363 2816 voi.
393 2785 413 2817 l.
445 2785 485 2818 P.
515 2786 536 2816 l.

738 944 810 965 rem
836 935 1000 975 expedire
1024 935 1156 966 studuit
1177 934 1205 965 T
1218 934 1381 974 ychsen

738 981 771 1011 in
791 982 1102 1012 commentatione:
1129 981 1244 1012 Uebe
1259 990 1274 1010 r
1298 980 1380 1010 den

743 1027 929 1059 l'rozess
949 1028 1026 1058 des
1051 1029 1275 1065 Socrates,
1293 1035 1381 1066 quae

737 1073 866 1105 inserta
886 1080 935 1105 est
961 1073 1274 1105 Bibliothecae
1296 1077 1379 1102 vet.

738 1119 855 1150 liter.
889 1126 928 1151 et
953 1125 1034 1151 art.
1069 1119 1293 1160 (Bibliotliek
1320 1118 1381 1148 der

736 1165 830 1195 alten
854 1165 1031 1197 Litcratur
1060 1177 1091 1196 u.
1118 1165 1256 1199 Kunst)
1293 1164 1377 1195 fasc.

738 1210 766 1241 Ι.
792 1222 823 1252 p.
851 1211 976 1245 1-53.
1009 1218 1043 1243 et
1068 1212 1152 1243 fasc.
1179 1212 1226 1242 Π.
1254 1221 1287 1251 p.
1313 1210 1331 1243 1
1350 1228 1367 1231 v

738 1256 792 1289 60.
824 1257 881 1288 ubi
927 1269 959 1289 v.
997 1259 1140 1289 secundi
1182 1258 1309 1289 volum.
1343 1266 1376 1296 p.

736 1302 781 1335 40
811 1313 882 1345 sqq.
919 1309 953 1335 et
980 1314 1090 1345 nuper
1120 1302 1377 1335 lloeckhins

736 1359 791 1390 ap.
819 1348 1083 1382 Siiverniuni
1110 1351 1145 1381 in
1167 1349 1275 1381 libro:
1301 1347 1376 1379 Ue-

735 1395 808 1426 ber
824 1395 894 1427 des
912 1396 1243 1437 Aristophanes
1259 1394 1376 1425 Wol-

735 1441 815 1472 ken
841 1452 873 1482 p.
899 1441 943 1476 87
965 1453 1042 1484 sqq.
1067 1443 1258 1475 Enimvero
1285 1440 1375 1471 diffi-

730 1488 890 1518 cultatem
942 1490 1074 1519 ereavit
1126 1489 1219 1528 quod
1266 1487 1374 1527 vulgo

729 1533 821 1573 apud
854 1534 1033 1566 Platonem
1060 1535 1196 1575 legitur:
1230 1532 1263 1564 εἰ
1288 1535 1375 1573 τρεῖς

729 1576 829 1616 μόναι
854 1590 886 1618 μ.
914 1579 1004 1612 Nam
1021 1580 1108 1612 haec
1123 1581 1225 1611 lectio
1244 1580 1273 1611 si
1294 1589 1376 1610 vera

730 1630 832 1665 esset,
857 1627 1007 1668 itemque
1032 1637 1096 1667 pro
1113 1636 1197 1658 vero
1222 1625 1372 1666 proban-

729 1671 811 1702 dum
850 1673 942 1712 quod
978 1673 1107 1714 legitur
1147 1672 1239 1714 apud
1270 1671 1373 1701 Dio-

728 1726 877 1757 genem
911 1717 1156 1753 Laertium,
1198 1717 1374 1748 Heliasta-

730 1772 807 1793 rum
834 1763 1001 1795 iudicium
1038 1774 1080 1796 ex
1105 1764 1172 1799 556
1197 1763 1372 1794 iudicibus

731 1809 928 1840 constitisse
954 1811 1149 1841 existimari
1181 1814 1371 1850 oporteret.

729 1854 870 1885 Etenim
895 1856 944 1886 sic
968 1857 1103 1888 iudices
1128 1866 1274 1888 numero
1303 1854 1369 1888 281

730 1898 909 1932 Socratem
930 1902 1150 1934 damnavisse
1180 1907 1213 1934 et
1228 1901 1296 1935 275
1311 1902 1372 1933 ab·

729 1947 878 1978 solvisse
906 1949 1053 1988 putandi
1089 1949 1222 1988 forent,
1248 1949 1298 1979 ita
1321 1953 1372 1986 ut,

727 1998 796 2024 tres
836 1994 958 2025 calculi
1004 1995 1033 2026 si
1073 1995 1185 2026 additi
1223 1994 1373 2026 fuissent

728 2039 907 2080 suffragiis
935 2041 1175 2081 absolutoriis,
1203 2050 1268 2081 par
1285 2040 1372 2071 fuis-

727 2090 779 2116 set
804 2085 1042 2118 damnantium
1066 2091 1100 2118 et
1115 2087 1371 2119 absolventium

725 2141 902 2170 numerus,
931 2132 966 2163 h.
994 2143 1022 2164 e.
1047 2132 1140 2173 278„
1168 2143 1279 2174 eoque
1306 2130 1371 2163 So-

727 2182 836 2209 crates
872 2178 1057 2210 incolnmis
1091 2180 1271 2211 evasisset.
1320 2178 1371 2209 At

727 2233 809 2255 vero
837 2224 1024 2264 quominus
1049 2225 1141 2257 hane
1163 2224 1370 2256 sententiam

727 2279 804 2301 cum
848 2269 980 2301 Fisch
993 2280 1064 2301 ero
1111 2272 1258 2312 aliisque
1298 2280 1369 2301 am-

724 2316 927 2356 plectamur,
952 2316 1040 2347 illud
1065 2317 1248 2357 prohibet,
1275 2316 1370 2357 quod

725 2361 965 2393 Heliastarum
1006 2363 1135 2394 iudicia
1188 2372 1370 2394 numerum

724 2408 878 2439 iudicum
913 2408 1185 2449 quingentorum
1222 2419 1293 2440 non
1318 2409 1370 2438 vi-

725 2454 851 2485 dentur
898 2454 966 2484 isto
1014 2455 1118 2487 modo
1167 2455 1370 2493 excessisse,

724 2500 792 2531 nisi
818 2500 847 2531 si
873 2500 1012 2540 quando
1037 2506 1181 2542 propter
1213 2501 1369 2541 singula-

724 2556 797 2576 rem
822 2545 996 2586 quandam
1025 2557 1228 2578 caussarum
1253 2547 1369 2587 gravi-

723 2597 846 2631 tatem,
883 2593 1092 2623 consociatis
1124 2593 1281 2635 pluribus
1308 2593 1367 2624 de-

725 2638 845 2677 curiis,
888 2638 1000 2677 mille⁷
1040 2639 1096 2669 vel
1114 2649 1118 2652 ·
1134 2640 1227 2670 mille
1269 2639 1367 2680 quin-

729 2685 843 2724 genti,
883 2684 937 2714 rel
976 2684 1079 2714 etiam
1118 2685 1172 2716 bis
1206 2685 1301 2716 mille
1333 2694 1367 2719 et

728 2731 846 2771 plures
871 2729 1050 2761 iudicandi
1071 2735 1283 2771 potestatem
1309 2741 1366 2764 ae-

1014 2787 1066 2826 10
