<?xml version="1.0" encoding="UTF-8"?>
<!DOCTYPE html PUBLIC "-//W3C//DTD XHTML 1.0 Transitional//EN"
    "http://www.w3.org/TR/xhtml1/DTD/xhtml1-transitional.dtd">
<html xmlns="http://www.w3.org/1999/xhtml" xml:lang="en" lang="en">
 <head>
  <title>
</title>
<meta http-equiv="Content-Type" content="text/html;charset=utf-8" />
  <meta name='ocr-system' content='tesseract 3.04.00' />
  <meta name='ocr-capabilities' content='ocr_page ocr_carea ocr_par ocr_line ocrx_word'/>
</head>
<body>
  <div class='ocr_page' id='page_1' title='image "./n1operaomniarecens01platuoft/n1operaomniarecens01platuoft_0126.png"; bbox 0 0 1644 3039; ppageno 0'>
   <div class='ocr_carea' id='block_1_1' title="bbox 178 160 1151 205">
    <p class='ocr_par' dir='ltr' id='par_1_1' title="bbox 178 160 1151 205">
     <span class='ocr_line' id='line_1_1' title="bbox 178 160 1151 205; baseline 0 -1"><span class='ocrx_word' id='word_1_1' title='bbox 178 167 230 205; x_wconf 65' lang='lat' dir='ltr'><strong>4ss</strong></span> <span class='ocrx_word' id='word_1_2' title='bbox 551 160 1033 205; x_wconf 78' lang='lat' dir='ltr'><strong>PROLEGOMENA</strong></span> <span class='ocrx_word' id='word_1_3' title='bbox 1064 163 1151 204; x_wconf 89' lang='lat' dir='ltr'><strong>AD</strong></span> 
     </span>
    </p>
   </div>
   <div class='ocr_carea' id='block_1_2' title="bbox 220 343 1476 421">
    <p class='ocr_par' dir='ltr' id='par_1_2' title="bbox 220 343 1476 421">
     <span class='ocr_line' id='line_1_2' title="bbox 220 343 1476 421; baseline 0.001 -19"><span class='ocrx_word' id='word_1_4' title='bbox 220 343 466 405; x_wconf 79' lang='lat' dir='ltr'><strong>Editiones</strong></span> <span class='ocrx_word' id='word_1_5' title='bbox 510 344 780 421; x_wconf 75' lang='lat' dir='ltr'><strong>Apologiae</strong></span> <span class='ocrx_word' id='word_1_6' title='bbox 826 351 872 405; x_wconf 80' lang='lat' dir='ltr'><strong>et</strong></span> <span class='ocrx_word' id='word_1_7' title='bbox 916 345 1130 405; x_wconf 73' lang='lat' dir='ltr'><strong>Critonis</strong></span> <span class='ocrx_word' id='word_1_8' title='bbox 1174 344 1476 420; x_wconf 78' lang='lat' dir='ltr'><strong>singulares.</strong></span> 
     </span>
    </p>
   </div>
   <div class='ocr_carea' id='block_1_3' title="bbox 177 466 1532 1318">
    <p class='ocr_par' dir='ltr' id='par_1_3' title="bbox 177 466 1532 1316">
     <span class='ocr_line' id='line_1_3' title="bbox 294 466 1531 522; baseline -0.001 -13"><span class='ocrx_word' id='word_1_9' title='bbox 294 466 536 522; x_wconf 79' lang='lat' dir='ltr'><strong>Separatini</strong></span> <span class='ocrx_word' id='word_1_10' title='bbox 569 467 612 507; x_wconf 89' lang='lat' dir='ltr'><strong>hi</strong></span> <span class='ocrx_word' id='word_1_11' title='bbox 643 467 772 509; x_wconf 74' lang='lat' dir='ltr'><strong>libelli</strong></span> <span class='ocrx_word' id='word_1_12' title='bbox 801 468 905 509; x_wconf 89' lang='lat' dir='ltr'><strong>editi</strong></span> <span class='ocrx_word' id='word_1_13' title='bbox 930 476 971 509; x_wconf 88' lang='lat' dir='ltr'><strong>et</strong></span> <span class='ocrx_word' id='word_1_14' title='bbox 993 468 1308 509; x_wconf 79' lang='lat' dir='ltr'><strong>commentariis</strong></span> <span class='ocrx_word' id='word_1_15' title='bbox 1330 468 1531 510; x_wconf 72' lang='lat' dir='ltr'>instructi</span> 
     </span>
     <span class='ocr_line' id='line_1_4' title="bbox 181 524 1530 579; baseline 0.001 -15"><span class='ocrx_word' id='word_1_16' title='bbox 181 535 282 565; x_wconf 84' lang='lat' dir='ltr'><strong>sunt</strong></span> <span class='ocrx_word' id='word_1_17' title='bbox 323 524 586 579; x_wconf 77' lang='lat' dir='ltr'><strong>saepissime.</strong></span> <span class='ocrx_word' id='word_1_18' title='bbox 662 524 933 579; x_wconf 75' lang='lat' dir='ltr'>Quamquam</span> <span class='ocrx_word' id='word_1_19' title='bbox 977 524 1187 566; x_wconf 76' lang='lat' dir='ltr'><strong>editiones</strong></span> <span class='ocrx_word' id='word_1_20' title='bbox 1237 525 1530 579; x_wconf 90' lang='lat' dir='ltr'><strong>superioribus</strong></span> 
     </span>
     <span class='ocr_line' id='line_1_5' title="bbox 181 580 1528 638; baseline 0.001 -17"><span class='ocrx_word' id='word_1_21' title='bbox 181 581 364 621; x_wconf 82' lang='lat' dir='ltr'><strong>saeculis</strong></span> <span class='ocrx_word' id='word_1_22' title='bbox 401 581 453 621; x_wconf 82' lang='lat' dir='ltr'><strong>ab</strong></span> <span class='ocrx_word' id='word_1_23' title='bbox 497 580 577 621; x_wconf 80' lang='lat' dir='ltr'><strong>Jo.</strong></span> <span class='ocrx_word' id='word_1_24' title='bbox 612 580 880 635; x_wconf 76' lang='lat' dir='ltr'><strong>Sturmio,</strong></span> <span class='ocrx_word' id='word_1_25' title='bbox 922 582 1149 623; x_wconf 82' lang='lat' dir='ltr'><strong>Esronio</strong></span> <span class='ocrx_word' id='word_1_26' title='bbox 1190 581 1528 638; x_wconf 79' lang='lat' dir='ltr'><strong>Rudingero,</strong></span> 
     </span>
     <span class='ocr_line' id='line_1_6' title="bbox 179 636 1528 693; baseline 0.001 -16"><span class='ocrx_word' id='word_1_27' title='bbox 179 637 259 678; x_wconf 77' lang='lat' dir='ltr'><strong>Jo.</strong></span> <span class='ocrx_word' id='word_1_28' title='bbox 302 636 433 679; x_wconf 82' lang='lat' dir='ltr'><strong>Sam.</strong></span> <span class='ocrx_word' id='word_1_29' title='bbox 476 637 745 689; x_wconf 64' lang='lat' dir='ltr'><strong>Mi&#39;illero,</strong></span> <span class='ocrx_word' id='word_1_30' title='bbox 789 639 907 691; x_wconf 74' lang='lat' dir='ltr'><strong>aliis,</strong></span> <span class='ocrx_word' id='word_1_31' title='bbox 958 644 1132 679; x_wconf 76' lang='lat' dir='ltr'><strong>curatae</strong></span> <span class='ocrx_word' id='word_1_32' title='bbox 1172 637 1247 692; x_wconf 86' lang='lat' dir='ltr'><strong>(de</strong></span> <span class='ocrx_word' id='word_1_33' title='bbox 1291 638 1447 693; x_wconf 86' lang='lat' dir='ltr'><strong>quibus</strong></span> <span class='ocrx_word' id='word_1_34' title='bbox 1487 654 1528 679; x_wconf 84' lang='lat' dir='ltr'><strong>v.</strong></span> 
     </span>
     <span class='ocr_line' id='line_1_7' title="bbox 179 694 1530 751; baseline 0 -16"><span class='ocrx_word' id='word_1_35' title='bbox 179 694 340 735; x_wconf 87' lang='lat' dir='ltr'><strong>Notitt.</strong></span> <span class='ocrx_word' id='word_1_36' title='bbox 383 694 562 735; x_wconf 78' lang='lat' dir='ltr'><strong>litterar.</strong></span> <span class='ocrx_word' id='word_1_37' title='bbox 606 710 672 751; x_wconf 83' lang='lat' dir='ltr'><strong>ap.</strong></span> <span class='ocrx_word' id='word_1_38' title='bbox 714 694 1045 737; x_wconf 83' lang='lat' dir='ltr'><strong>Fischerum</strong></span> <span class='ocrx_word' id='word_1_39' title='bbox 1087 696 1220 749; x_wconf 86' lang='lat' dir='ltr'><strong>praef.</strong></span> <span class='ocrx_word' id='word_1_40' title='bbox 1253 695 1307 735; x_wconf 82' lang='lat' dir='ltr'><strong>ad</strong></span> <span class='ocrx_word' id='word_1_41' title='bbox 1339 695 1418 737; x_wconf 80' lang='lat' dir='ltr'><strong>IV.</strong></span> <span class='ocrx_word' id='word_1_42' title='bbox 1451 695 1530 736; x_wconf 78' lang='lat' dir='ltr'><strong>Di-</strong></span> 
     </span>
     <span class='ocr_line' id='line_1_8' title="bbox 180 750 1529 807; baseline 0.001 -16"><span class='ocrx_word' id='word_1_43' title='bbox 180 751 248 792; x_wconf 79' lang='lat' dir='ltr'><strong>all.</strong></span> <span class='ocrx_word' id='word_1_44' title='bbox 288 750 604 806; x_wconf 86' lang='lat' dir='ltr'><strong>Euthyphrone</strong></span> <span class='ocrx_word' id='word_1_45' title='bbox 647 752 777 807; x_wconf 85' lang='lat' dir='ltr'>Apol.</span> <span class='ocrx_word' id='word_1_46' title='bbox 820 751 984 793; x_wconf 79' lang='lat' dir='ltr'>Criton.</span> <span class='ocrx_word' id='word_1_47' title='bbox 1033 751 1196 792; x_wconf 84' lang='lat' dir='ltr'><strong>Phaed.</strong></span> <span class='ocrx_word' id='word_1_48' title='bbox 1237 752 1360 807; x_wconf 88' lang='lat' dir='ltr'><strong>Lips.</strong></span> <span class='ocrx_word' id='word_1_49' title='bbox 1405 754 1529 794; x_wconf 80' lang='lat'><strong>1783.</strong></span> 
     </span>
     <span class='ocr_line' id='line_1_9' title="bbox 179 808 1532 863; baseline 0.001 -15"><span class='ocrx_word' id='word_1_50' title='bbox 179 823 221 862; x_wconf 91' lang='lat' dir='ltr'><strong>p.</strong></span> <span class='ocrx_word' id='word_1_51' title='bbox 255 808 372 862; x_wconf 69' lang='lat'><strong>203.)</strong></span> <span class='ocrx_word' id='word_1_52' title='bbox 415 823 495 849; x_wconf 90' lang='lat' dir='ltr'><strong>nec</strong></span> <span class='ocrx_word' id='word_1_53' title='bbox 535 809 777 863; x_wconf 77' lang='lat' dir='ltr'><strong>praesentis</strong></span> <span class='ocrx_word' id='word_1_54' title='bbox 815 809 970 849; x_wconf 82' lang='lat' dir='ltr'><strong>aetatis</strong></span> <span class='ocrx_word' id='word_1_55' title='bbox 1014 808 1238 850; x_wconf 83' lang='lat' dir='ltr'><strong>desideriis</strong></span> <span class='ocrx_word' id='word_1_56' title='bbox 1268 809 1532 850; x_wconf 87' lang='lat' dir='ltr'><strong>conveniunt</strong></span> 
     </span>
     <span class='ocr_line' id='line_1_10' title="bbox 177 864 1532 921; baseline 0.001 -16"><span class='ocrx_word' id='word_1_57' title='bbox 177 880 256 906; x_wconf 88' lang='lat' dir='ltr'><strong>nec</strong></span> <span class='ocrx_word' id='word_1_58' title='bbox 287 865 458 905; x_wconf 88' lang='lat' dir='ltr'><strong>omnino</strong></span> <span class='ocrx_word' id='word_1_59' title='bbox 486 865 666 906; x_wconf 82' lang='lat' dir='ltr'><strong>multum</strong></span> <span class='ocrx_word' id='word_1_60' title='bbox 695 865 898 907; x_wconf 81' lang='lat' dir='ltr'><strong>utilitatis</strong></span> <span class='ocrx_word' id='word_1_61' title='bbox 930 864 986 905; x_wconf 83' lang='lat' dir='ltr'><strong>ad</strong></span> <span class='ocrx_word' id='word_1_62' title='bbox 1016 866 1108 906; x_wconf 89' lang='lat' dir='ltr'><strong>eius</strong></span> <span class='ocrx_word' id='word_1_63' title='bbox 1132 866 1532 921; x_wconf 77' lang='lat' dir='ltr'><strong>interpretationem</strong></span> 
     </span>
     <span class='ocr_line' id='line_1_11' title="bbox 178 921 1530 977; baseline 0.001 -14"><span class='ocrx_word' id='word_1_64' title='bbox 178 921 408 963; x_wconf 78' lang='lat' dir='ltr'><strong>iuvandam</strong></span> <span class='ocrx_word' id='word_1_65' title='bbox 439 936 489 962; x_wconf 89' lang='lat' dir='ltr'><strong>ac</strong></span> <span class='ocrx_word' id='word_1_66' title='bbox 512 922 832 977; x_wconf 77' lang='lat' dir='ltr'><strong>provehendam</strong></span> <span class='ocrx_word' id='word_1_67' title='bbox 863 922 1112 963; x_wconf 86' lang='lat' dir='ltr'><strong>attulerunt.</strong></span> <span class='ocrx_word' id='word_1_68' title='bbox 1176 921 1397 974; x_wconf 76' lang='lat' dir='ltr'><strong>Quocirca</strong></span> <span class='ocrx_word' id='word_1_69' title='bbox 1427 923 1530 964; x_wconf 79' lang='lat' dir='ltr'><strong>satis</strong></span> 
     </span>
     <span class='ocr_line' id='line_1_12' title="bbox 180 978 1531 1034; baseline 0.001 -15"><span class='ocrx_word' id='word_1_70' title='bbox 180 979 260 1019; x_wconf 80' lang='lat' dir='ltr'><strong>erit</strong></span> <span class='ocrx_word' id='word_1_71' title='bbox 280 978 361 1019; x_wconf 90' lang='lat' dir='ltr'><strong>hoc</strong></span> <span class='ocrx_word' id='word_1_72' title='bbox 384 978 478 1019; x_wconf 89' lang='lat' dir='ltr'><strong>loco</strong></span> <span class='ocrx_word' id='word_1_73' title='bbox 498 978 713 1020; x_wconf 73' lang='lat' dir='ltr'><strong>indicasse</strong></span> <span class='ocrx_word' id='word_1_74' title='bbox 732 993 804 1020; x_wconf 85' lang='lat' dir='ltr'><strong>eas</strong></span> <span class='ocrx_word' id='word_1_75' title='bbox 825 979 1050 1033; x_wconf 87' lang='lat' dir='ltr'><strong>utriusque</strong></span> <span class='ocrx_word' id='word_1_76' title='bbox 1072 978 1169 1020; x_wconf 87' lang='lat' dir='ltr'><strong>libri</strong></span> <span class='ocrx_word' id='word_1_77' title='bbox 1189 978 1411 1032; x_wconf 69' lang='lat' dir='ltr'><strong>editiones,</strong></span> <span class='ocrx_word' id='word_1_78' title='bbox 1436 980 1531 1034; x_wconf 89' lang='lat' dir='ltr'><strong>qui-</strong></span> 
     </span>
     <span class='ocr_line' id='line_1_13' title="bbox 178 1035 1532 1091; baseline 0.001 -14"><span class='ocrx_word' id='word_1_79' title='bbox 178 1036 257 1077; x_wconf 90' lang='lat' dir='ltr'><strong>bus</strong></span> <span class='ocrx_word' id='word_1_80' title='bbox 287 1035 483 1076; x_wconf 77' lang='lat' dir='ltr'><strong>Platonis</strong></span> <span class='ocrx_word' id='word_1_81' title='bbox 514 1035 823 1091; x_wconf 79' lang='lat' dir='ltr'><strong>intelligentiae</strong></span> <span class='ocrx_word' id='word_1_82' title='bbox 852 1036 919 1076; x_wconf 85' lang='lat' dir='ltr'><strong>vel</strong></span> <span class='ocrx_word' id='word_1_83' title='bbox 952 1036 1098 1076; x_wconf 84' lang='lat' dir='ltr'><strong>critice</strong></span> <span class='ocrx_word' id='word_1_84' title='bbox 1128 1036 1195 1077; x_wconf 83' lang='lat' dir='ltr'><strong>vel</strong></span> <span class='ocrx_word' id='word_1_85' title='bbox 1224 1036 1352 1077; x_wconf 82' lang='lat' dir='ltr'><strong>etiam</strong></span> <span class='ocrx_word' id='word_1_86' title='bbox 1382 1036 1532 1078; x_wconf 82' lang='lat' dir='ltr'><strong>habita</strong></span> 
     </span>
     <span class='ocr_line' id='line_1_14' title="bbox 178 1092 1530 1148; baseline -0.001 -14"><span class='ocrx_word' id='word_1_87' title='bbox 178 1092 545 1148; x_wconf 82' lang='lat' dir='ltr'><strong>interpretationis</strong></span> <span class='ocrx_word' id='word_1_88' title='bbox 578 1093 745 1133; x_wconf 88' lang='lat' dir='ltr'><strong>ratione</strong></span> <span class='ocrx_word' id='word_1_89' title='bbox 786 1093 848 1133; x_wconf 80' lang='lat' dir='ltr'><strong>ita</strong></span> <span class='ocrx_word' id='word_1_90' title='bbox 887 1099 1165 1147; x_wconf 84' lang='lat' dir='ltr'><strong>prospectum</strong></span> <span class='ocrx_word' id='word_1_91' title='bbox 1198 1104 1288 1146; x_wconf 85' lang='lat' dir='ltr'><strong>est</strong></span> <span class='ocrx_word' id='word_1_92' title='bbox 1324 1099 1372 1133; x_wconf 85' lang='lat' dir='ltr'><strong>ut</strong></span> <span class='ocrx_word' id='word_1_93' title='bbox 1402 1093 1530 1134; x_wconf 89' lang='lat' dir='ltr'><strong>hodie</strong></span> 
     </span>
     <span class='ocr_line' id='line_1_15' title="bbox 178 1148 1531 1205; baseline 0 -15"><span class='ocrx_word' id='word_1_94' title='bbox 178 1164 351 1203; x_wconf 88' lang='lat' dir='ltr'><strong>quoque</strong></span> <span class='ocrx_word' id='word_1_95' title='bbox 401 1149 616 1189; x_wconf 82' lang='lat' dir='ltr'><strong>mentione</strong></span> <span class='ocrx_word' id='word_1_96' title='bbox 665 1148 824 1205; x_wconf 80' lang='lat' dir='ltr'><strong>dignae</strong></span> <span class='ocrx_word' id='word_1_97' title='bbox 861 1148 1105 1190; x_wconf 81' lang='lat' dir='ltr'><strong>videantur.</strong></span> <span class='ocrx_word' id='word_1_98' title='bbox 1176 1148 1307 1201; x_wconf 84' lang='lat' dir='ltr'><strong>Quod</strong></span> <span class='ocrx_word' id='word_1_99' title='bbox 1357 1149 1531 1203; x_wconf 87' lang='lat' dir='ltr'><strong>quidem</strong></span> 
     </span>
     <span class='ocr_line' id='line_1_16' title="bbox 177 1194 1530 1261; baseline 0.001 -15"><span class='ocrx_word' id='word_1_100' title='bbox 177 1207 237 1247; x_wconf 84' lang='lat' dir='ltr'><strong>ita</strong></span> <span class='ocrx_word' id='word_1_101' title='bbox 268 1205 490 1258; x_wconf 81' lang='lat' dir='ltr'><strong>faciemus⁷</strong></span> <span class='ocrx_word' id='word_1_102' title='bbox 522 1212 571 1246; x_wconf 88' lang='lat' dir='ltr'><strong>ut</strong></span> <span class='ocrx_word' id='word_1_103' title='bbox 601 1194 783 1246; x_wconf 87' lang='lat' dir='ltr'><strong>subinde</strong></span> <span class='ocrx_word' id='word_1_104' title='bbox 816 1213 1009 1247; x_wconf 85' lang='lat' dir='ltr'><strong>nostrum</strong></span> <span class='ocrx_word' id='word_1_105' title='bbox 1041 1205 1093 1246; x_wconf 88' lang='lat' dir='ltr'><strong>de</strong></span> <span class='ocrx_word' id='word_1_106' title='bbox 1124 1206 1175 1246; x_wconf 87' lang='lat' dir='ltr'><strong>iis</strong></span> <span class='ocrx_word' id='word_1_107' title='bbox 1207 1207 1530 1261; x_wconf 86' lang='lat' dir='ltr'><strong>interponamus</strong></span> 
     </span>
     <span class='ocr_line' id='line_1_17' title="bbox 178 1262 1529 1318; baseline 0 -15"><span class='ocrx_word' id='word_1_108' title='bbox 178 1262 397 1304; x_wconf 87' lang='lat' dir='ltr'><strong>iudicium.</strong></span> <span class='ocrx_word' id='word_1_109' title='bbox 448 1262 607 1316; x_wconf 62' lang='lat' dir='ltr'><strong>⁴accipe</strong></span> <span class='ocrx_word' id='word_1_110' title='bbox 628 1263 760 1318; x_wconf 68' lang='lat' dir='ltr'><strong>igitur</strong></span> <span class='ocrx_word' id='word_1_111' title='bbox 780 1262 864 1303; x_wconf 88' lang='lat' dir='ltr'><strong>iam</strong></span> <span class='ocrx_word' id='word_1_112' title='bbox 887 1262 1040 1303; x_wconf 87' lang='lat' dir='ltr'><strong>horum</strong></span> <span class='ocrx_word' id='word_1_113' title='bbox 1067 1262 1272 1303; x_wconf 84' lang='lat' dir='ltr'><strong>librorum</strong></span> <span class='ocrx_word' id='word_1_114' title='bbox 1294 1277 1529 1304; x_wconf 81' lang='lat' dir='ltr'><strong>recensum.</strong></span> 
     </span>
    </p>
   </div>
   <div class='ocr_carea' id='block_1_4' title="bbox 177 1365 1529 2769">
    <p class='ocr_par' dir='ltr' id='par_1_4' title="bbox 177 1365 1529 1627">
     <span class='ocr_line' id='line_1_18' title="bbox 177 1365 1529 1408; baseline -0.001 -9"><span class='ocrx_word' id='word_1_115' title='bbox 177 1367 380 1399; x_wconf 77' lang='lat' dir='ltr'><strong>Platonis</strong></span> <span class='ocrx_word' id='word_1_116' title='bbox 415 1366 585 1406; x_wconf 66' lang='lat' dir='ltr'><strong>Dialogi</strong></span> <span class='ocrx_word' id='word_1_117' title='bbox 622 1365 656 1396; x_wconf 81' lang='lat' dir='ltr'><strong>V.</strong></span> <span class='ocrx_word' id='word_1_118' title='bbox 691 1366 914 1408; x_wconf 48' lang='lat' dir='ltr'><strong>(imatores,</strong></span> <span class='ocrx_word' id='word_1_119' title='bbox 951 1365 1169 1407; x_wconf 43' lang='lat' dir='ltr'><strong>liudi-sidau,</strong></span> <span class='ocrx_word' id='word_1_120' title='bbox 1205 1367 1391 1407; x_wconf 66' lang='lat' dir='ltr'><strong>Apologia,</strong></span> <span class='ocrx_word' id='word_1_121' title='bbox 1419 1366 1529 1405; x_wconf 83' lang='lat' dir='ltr'><strong>Crito,</strong></span> 
     </span>
     <span class='ocr_line' id='line_1_19' title="bbox 267 1422 1529 1464; baseline -0.001 -8"><span class='ocrx_word' id='word_1_122' title='bbox 267 1423 434 1462; x_wconf 76' lang='lat' dir='ltr'><strong>Pliaedo.)</strong></span> <span class='ocrx_word' id='word_1_123' title='bbox 484 1423 693 1461; x_wconf 60' lang='lat' dir='ltr'><strong>Recens-iit,</strong></span> <span class='ocrx_word' id='word_1_124' title='bbox 738 1423 896 1464; x_wconf 76' lang='lat' dir='ltr'><strong>notisque,</strong></span> <span class='ocrx_word' id='word_1_125' title='bbox 939 1423 1117 1455; x_wconf 78' lang='lat' dir='ltr'><strong>illustrarit</strong></span> <span class='ocrx_word' id='word_1_126' title='bbox 1165 1422 1283 1455; x_wconf 78' lang='lat' dir='ltr'><strong>Natli.</strong></span> <span class='ocrx_word' id='word_1_127' title='bbox 1330 1423 1529 1456; x_wconf 82' lang='lat' dir='ltr'><strong>Forster.</strong></span> 
     </span>
     <span class='ocr_line' id='line_1_20' title="bbox 272 1479 1528 1521; baseline 0 -9"><span class='ocrx_word' id='word_1_128' title='bbox 272 1481 361 1514; x_wconf 67' lang='lat' dir='ltr'><strong>Edit.</strong></span> <span class='ocrx_word' id='word_1_129' title='bbox 388 1491 457 1512; x_wconf 65' lang='lat' dir='ltr'><strong>sec.</strong></span> <span class='ocrx_word' id='word_1_130' title='bbox 505 1481 618 1512; x_wconf 78' lang='lat' dir='ltr'><strong>Oxou.</strong></span> <span class='ocrx_word' id='word_1_131' title='bbox 646 1480 735 1514; x_wconf 77' lang='lat'>1752</span> <span class='ocrx_word' id='word_1_132' title='bbox 795 1479 826 1512; x_wconf 80' lang='lat'><strong>8.</strong></span> <span class='ocrx_word' id='word_1_133' title='bbox 877 1481 926 1511; x_wconf 83' lang='lat' dir='ltr'><strong>De</strong></span> <span class='ocrx_word' id='word_1_134' title='bbox 961 1481 1244 1521; x_wconf 69' lang='lat' dir='ltr'><strong>interpretatione</strong></span> <span class='ocrx_word' id='word_1_135' title='bbox 1277 1480 1396 1512; x_wconf 79' lang='lat' dir='ltr'><strong>borum</strong></span> <span class='ocrx_word' id='word_1_136' title='bbox 1422 1481 1528 1512; x_wconf 89' lang='lat' dir='ltr'><strong>libro·</strong></span> 
     </span>
     <span class='ocr_line' id='line_1_21' title="bbox 267 1537 1528 1579; baseline -0.001 -9"><span class='ocrx_word' id='word_1_137' title='bbox 267 1549 339 1570; x_wconf 84' lang='lat' dir='ltr'><strong>rum</strong></span> <span class='ocrx_word' id='word_1_138' title='bbox 370 1538 499 1578; x_wconf 84' lang='lat' dir='ltr'><strong>primus</strong></span> <span class='ocrx_word' id='word_1_139' title='bbox 527 1538 644 1569; x_wconf 79' lang='lat' dir='ltr'><strong>melius</strong></span> <span class='ocrx_word' id='word_1_140' title='bbox 669 1537 806 1569; x_wconf 81' lang='lat' dir='ltr'><strong>meritus</strong></span> <span class='ocrx_word' id='word_1_141' title='bbox 833 1542 904 1576; x_wconf 85' lang='lat' dir='ltr'><strong>est;</strong></span> <span class='ocrx_word' id='word_1_142' title='bbox 941 1547 1027 1577; x_wconf 81' lang='lat' dir='ltr'><strong>opes</strong></span> <span class='ocrx_word' id='word_1_143' title='bbox 1063 1542 1176 1568; x_wconf 78' lang='lat' dir='ltr'><strong>tamen</strong></span> <span class='ocrx_word' id='word_1_144' title='bbox 1209 1537 1341 1568; x_wconf 80' lang='lat' dir='ltr'><strong>criticas</strong></span> <span class='ocrx_word' id='word_1_145' title='bbox 1374 1538 1528 1579; x_wconf 84' lang='lat' dir='ltr'><strong>peculia-</strong></span> 
     </span>
     <span class='ocr_line' id='line_1_22' title="bbox 268 1593 608 1627; baseline -0.003 -1"><span class='ocrx_word' id='word_1_146' title='bbox 268 1606 322 1627; x_wconf 82' lang='lat' dir='ltr'><strong>res</strong></span> <span class='ocrx_word' id='word_1_147' title='bbox 351 1596 456 1626; x_wconf 87' lang='lat' dir='ltr'><strong>nullas</strong></span> <span class='ocrx_word' id='word_1_148' title='bbox 483 1593 608 1626; x_wconf 81' lang='lat' dir='ltr'><strong>habuit.</strong></span> 
     </span>
    </p>

    <p class='ocr_par' dir='ltr' id='par_1_5' title="bbox 177 1650 1528 2263">
     <span class='ocr_line' id='line_1_23' title="bbox 177 1650 1528 1693; baseline -0.002 -6"><span class='ocrx_word' id='word_1_149' title='bbox 177 1653 381 1687; x_wconf 81' lang='lat' dir='ltr'><strong>Platonis</strong></span> <span class='ocrx_word' id='word_1_150' title='bbox 418 1650 686 1693; x_wconf 71' lang='lat' dir='ltr'><strong>Euthyphm,</strong></span> <span class='ocrx_word' id='word_1_151' title='bbox 723 1651 938 1692; x_wconf 72' lang='lat' dir='ltr'><strong>Apologia</strong></span> <span class='ocrx_word' id='word_1_152' title='bbox 966 1650 1184 1689; x_wconf 78' lang='lat' dir='ltr'><strong>Socratis,</strong></span> <span class='ocrx_word' id='word_1_153' title='bbox 1221 1650 1361 1689; x_wconf 76' lang='lat' dir='ltr'><strong>Crito,</strong></span> <span class='ocrx_word' id='word_1_154' title='bbox 1400 1651 1528 1684; x_wconf 80' lang='lat' dir='ltr'><strong>Phae-</strong></span> 
     </span>
     <span class='ocr_line' id='line_1_24' title="bbox 268 1707 1528 1749; baseline -0.001 -7"><span class='ocrx_word' id='word_1_155' title='bbox 268 1711 339 1749; x_wconf 85' lang='lat' dir='ltr'><strong>do,</strong></span> <span class='ocrx_word' id='word_1_156' title='bbox 375 1710 555 1740; x_wconf 78' lang='lat' dir='ltr'><strong>Graece.</strong></span> <span class='ocrx_word' id='word_1_157' title='bbox 606 1708 661 1739; x_wconf 83' lang='lat' dir='ltr'><strong>Ad</strong></span> <span class='ocrx_word' id='word_1_158' title='bbox 696 1707 796 1740; x_wconf 85' lang='lat' dir='ltr'><strong>fidem</strong></span> <span class='ocrx_word' id='word_1_159' title='bbox 826 1707 926 1740; x_wconf 83' lang='lat' dir='ltr'><strong>codd.</strong></span> <span class='ocrx_word' id='word_1_160' title='bbox 960 1718 1041 1739; x_wconf 58' lang='lat' dir='ltr'><strong>mssa.</strong></span> <span class='ocrx_word' id='word_1_161' title='bbox 1088 1707 1233 1748; x_wconf 71' lang='lat' dir='ltr'><strong>Tubing.</strong></span> <span class='ocrx_word' id='word_1_162' title='bbox 1271 1711 1413 1749; x_wconf 52' lang='lat' dir='ltr'><strong>August.</strong></span> <span class='ocrx_word' id='word_1_163' title='bbox 1444 1709 1528 1741; x_wconf 89' lang='lat' dir='ltr'><strong>alio-</strong></span> 
     </span>
     <span class='ocr_line' id='line_1_25' title="bbox 270 1764 1527 1808; baseline -0.002 -8"><span class='ocrx_word' id='word_1_164' title='bbox 270 1777 412 1808; x_wconf 78' lang='lat' dir='ltr'><strong>rumque</strong></span> <span class='ocrx_word' id='word_1_165' title='bbox 447 1769 482 1798; x_wconf 85' lang='lat' dir='ltr'><strong>et</strong></span> <span class='ocrx_word' id='word_1_166' title='bbox 512 1766 675 1796; x_wconf 85' lang='lat' dir='ltr'><strong>librorum</strong></span> <span class='ocrx_word' id='word_1_167' title='bbox 712 1764 879 1797; x_wconf 86' lang='lat' dir='ltr'><strong>editorum</strong></span> <span class='ocrx_word' id='word_1_168' title='bbox 914 1768 1068 1796; x_wconf 77' lang='lat' dir='ltr'><strong>veterum</strong></span> <span class='ocrx_word' id='word_1_169' title='bbox 1097 1765 1285 1804; x_wconf 81' lang='lat' dir='ltr'><strong>recensuit,</strong></span> <span class='ocrx_word' id='word_1_170' title='bbox 1318 1765 1527 1806; x_wconf 79' lang='lat' dir='ltr'><strong>emendavit,</strong></span> 
     </span>
     <span class='ocr_line' id='line_1_26' title="bbox 270 1821 1527 1866; baseline -0.002 -10"><span class='ocrx_word' id='word_1_171' title='bbox 270 1823 455 1866; x_wconf 75' lang='lat' dir='ltr'><strong>explicavit</strong></span> <span class='ocrx_word' id='word_1_172' title='bbox 493 1823 516 1855; x_wconf 92' lang='lat' dir='ltr'><strong>I.</strong></span> <span class='ocrx_word' id='word_1_173' title='bbox 551 1822 692 1854; x_wconf 85' lang='lat' dir='ltr'><strong>Fried.</strong></span> <span class='ocrx_word' id='word_1_174' title='bbox 726 1821 966 1854; x_wconf 81' lang='lat' dir='ltr'><strong>Fischerus.</strong></span> <span class='ocrx_word' id='word_1_175' title='bbox 1018 1821 1079 1852; x_wconf 81' lang='lat' dir='ltr'><strong>Ed.</strong></span> <span class='ocrx_word' id='word_1_176' title='bbox 1113 1825 1191 1853; x_wconf 85' lang='lat' dir='ltr'><strong>tert.</strong></span> <span class='ocrx_word' id='word_1_177' title='bbox 1222 1822 1316 1863; x_wconf 87' lang='lat' dir='ltr'><strong>Lips.</strong></span> <span class='ocrx_word' id='word_1_178' title='bbox 1345 1822 1446 1857; x_wconf 82' lang='lat'><strong>1783.</strong></span> <span class='ocrx_word' id='word_1_179' title='bbox 1493 1822 1527 1857; x_wconf 88' lang='grc'><strong>8.</strong></span> 
     </span>
     <span class='ocr_line' id='line_1_27' title="bbox 269 1878 1528 1921; baseline -0.002 -7"><span class='ocrx_word' id='word_1_180' title='bbox 269 1884 412 1914; x_wconf 86' lang='lat' dir='ltr'><strong>Summa</strong></span> <span class='ocrx_word' id='word_1_181' title='bbox 437 1890 514 1911; x_wconf 92' lang='lat' dir='ltr'><strong>cum</strong></span> <span class='ocrx_word' id='word_1_182' title='bbox 542 1879 714 1921; x_wconf 74' lang='lat' dir='ltr'><strong>diligentia</strong></span> <span class='ocrx_word' id='word_1_183' title='bbox 741 1878 975 1912; x_wconf 80' lang='lat' dir='ltr'><strong>Fisclierus</strong></span> <span class='ocrx_word' id='word_1_184' title='bbox 1002 1883 1158 1911; x_wconf 76' lang='lat' dir='ltr'><strong>versatus</strong></span> <span class='ocrx_word' id='word_1_185' title='bbox 1185 1883 1240 1912; x_wconf 76' lang='lat' dir='ltr'><strong>est</strong></span> <span class='ocrx_word' id='word_1_186' title='bbox 1263 1880 1295 1910; x_wconf 92' lang='lat' dir='ltr'><strong>iu</strong></span> <span class='ocrx_word' id='word_1_187' title='bbox 1325 1880 1528 1912; x_wconf 85' lang='lat' dir='ltr'><strong>lectionibus</strong></span> 
     </span>
     <span class='ocr_line' id='line_1_28' title="bbox 268 1935 1526 1977; baseline -0.002 -7"><span class='ocrx_word' id='word_1_188' title='bbox 268 1943 349 1971; x_wconf 79' lang='lat' dir='ltr'><strong>vett.</strong></span> <span class='ocrx_word' id='word_1_189' title='bbox 384 1937 479 1970; x_wconf 86' lang='lat' dir='ltr'><strong>editt.</strong></span> <span class='ocrx_word' id='word_1_190' title='bbox 510 1941 543 1968; x_wconf 88' lang='lat' dir='ltr'><strong>et</strong></span> <span class='ocrx_word' id='word_1_191' title='bbox 577 1937 734 1968; x_wconf 86' lang='lat' dir='ltr'><strong>codicum</strong></span> <span class='ocrx_word' id='word_1_192' title='bbox 777 1936 953 1969; x_wconf 80' lang='lat' dir='ltr'><strong>enotandis</strong></span> <span class='ocrx_word' id='word_1_193' title='bbox 987 1940 1021 1968; x_wconf 89' lang='lat' dir='ltr'><strong>et</strong></span> <span class='ocrx_word' id='word_1_194' title='bbox 1052 1935 1293 1976; x_wconf 76' lang='lat' dir='ltr'><strong>diiudicandis,</strong></span> <span class='ocrx_word' id='word_1_195' title='bbox 1335 1946 1526 1977; x_wconf 83' lang='lat' dir='ltr'><strong>quanquam</strong></span> 
     </span>
     <span class='ocr_line' id='line_1_29' title="bbox 269 1992 1527 2035; baseline -0.001 -8"><span class='ocrx_word' id='word_1_196' title='bbox 269 2006 335 2027; x_wconf 92' lang='lat' dir='ltr'><strong>non</strong></span> <span class='ocrx_word' id='word_1_197' title='bbox 360 2005 438 2026; x_wconf 85' lang='lat' dir='ltr'><strong>raro</strong></span> <span class='ocrx_word' id='word_1_198' title='bbox 464 1993 589 2025; x_wconf 88' lang='lat' dir='ltr'><strong>iudicio</strong></span> <span class='ocrx_word' id='word_1_199' title='bbox 616 2003 677 2024; x_wconf 90' lang='lat' dir='ltr'><strong>suo</strong></span> <span class='ocrx_word' id='word_1_200' title='bbox 704 2004 722 2024; x_wconf 92' lang='lat' dir='ltr'><strong>a</strong></span> <span class='ocrx_word' id='word_1_201' title='bbox 748 2003 829 2025; x_wconf 81' lang='lat' dir='ltr'><strong>vero</strong></span> <span class='ocrx_word' id='word_1_202' title='bbox 855 1993 1036 2026; x_wconf 86' lang='lat' dir='ltr'><strong>aberravit.</strong></span> <span class='ocrx_word' id='word_1_203' title='bbox 1086 1992 1199 2024; x_wconf 83' lang='lat' dir='ltr'><strong>Niliilo</strong></span> <span class='ocrx_word' id='word_1_204' title='bbox 1219 1993 1328 2024; x_wconf 88' lang='lat' dir='ltr'><strong>minus</strong></span> <span class='ocrx_word' id='word_1_205' title='bbox 1353 1994 1403 2025; x_wconf 80' lang='lat' dir='ltr'><strong>vir</strong></span> <span class='ocrx_word' id='word_1_206' title='bbox 1429 2004 1527 2035; x_wconf 75' lang='lat' dir='ltr'><strong>egre-</strong></span> 
     </span>
     <span class='ocr_line' id='line_1_30' title="bbox 268 2048 1527 2092; baseline -0.001 -9"><span class='ocrx_word' id='word_1_207' title='bbox 268 2053 344 2092; x_wconf 62' lang='lat' dir='ltr'><strong>gius</strong></span> <span class='ocrx_word' id='word_1_208' title='bbox 383 2050 443 2082; x_wconf 84' lang='lat' dir='ltr'><strong>hac</strong></span> <span class='ocrx_word' id='word_1_209' title='bbox 475 2060 540 2082; x_wconf 88' lang='lat' dir='ltr'><strong>una</strong></span> <span class='ocrx_word' id='word_1_210' title='bbox 565 2060 670 2091; x_wconf 83' lang='lat' dir='ltr'><strong>opera</strong></span> <span class='ocrx_word' id='word_1_211' title='bbox 702 2050 822 2081; x_wconf 84' lang='lat' dir='ltr'><strong>melius</strong></span> <span class='ocrx_word' id='word_1_212' title='bbox 850 2048 893 2080; x_wconf 90' lang='lat' dir='ltr'><strong>de</strong></span> <span class='ocrx_word' id='word_1_213' title='bbox 921 2049 1064 2081; x_wconf 86' lang='lat' dir='ltr'><strong>Platone</strong></span> <span class='ocrx_word' id='word_1_214' title='bbox 1092 2048 1204 2089; x_wconf 86' lang='lat' dir='ltr'><strong>deque</strong></span> <span class='ocrx_word' id='word_1_215' title='bbox 1228 2049 1394 2081; x_wconf 75' lang='lat' dir='ltr'><strong>universis</strong></span> <span class='ocrx_word' id='word_1_216' title='bbox 1421 2051 1527 2082; x_wconf 80' lang='lat' dir='ltr'><strong>literis</strong></span> 
     </span>
     <span class='ocr_line' id='line_1_31' title="bbox 270 2105 1526 2147; baseline -0.002 -5"><span class='ocrx_word' id='word_1_217' title='bbox 270 2108 417 2141; x_wconf 88' lang='lat' dir='ltr'><strong>Graecis</strong></span> <span class='ocrx_word' id='word_1_218' title='bbox 452 2106 595 2139; x_wconf 86' lang='lat' dir='ltr'><strong>meritus</strong></span> <span class='ocrx_word' id='word_1_219' title='bbox 632 2111 702 2146; x_wconf 77' lang='lat' dir='ltr'><strong>est,</strong></span> <span class='ocrx_word' id='word_1_220' title='bbox 735 2116 835 2147; x_wconf 83' lang='lat' dir='ltr'><strong>quam</strong></span> <span class='ocrx_word' id='word_1_221' title='bbox 870 2107 965 2138; x_wconf 88' lang='lat' dir='ltr'><strong>multi</strong></span> <span class='ocrx_word' id='word_1_222' title='bbox 1000 2115 1135 2144; x_wconf 87' lang='lat' dir='ltr'><strong>eorum,</strong></span> <span class='ocrx_word' id='word_1_223' title='bbox 1172 2105 1227 2146; x_wconf 91' lang='lat' dir='ltr'><strong>qui</strong></span> <span class='ocrx_word' id='word_1_224' title='bbox 1260 2105 1374 2138; x_wconf 82' lang='lat' dir='ltr'><strong>infami</strong></span> <span class='ocrx_word' id='word_1_225' title='bbox 1409 2107 1526 2139; x_wconf 90' lang='lat' dir='ltr'><strong>convi-</strong></span> 
     </span>
     <span class='ocr_line' id='line_1_32' title="bbox 269 2161 1526 2198; baseline -0.002 0"><span class='ocrx_word' id='word_1_226' title='bbox 269 2164 376 2198; x_wconf 84' lang='lat' dir='ltr'><strong>ciandi</strong></span> <span class='ocrx_word' id='word_1_227' title='bbox 402 2168 436 2196; x_wconf 88' lang='lat' dir='ltr'><strong>et</strong></span> <span class='ocrx_word' id='word_1_228' title='bbox 461 2163 686 2195; x_wconf 80' lang='lat' dir='ltr'><strong>calumniandi</strong></span> <span class='ocrx_word' id='word_1_229' title='bbox 716 2163 849 2196; x_wconf 85' lang='lat' dir='ltr'><strong>licentia</strong></span> <span class='ocrx_word' id='word_1_230' title='bbox 883 2162 932 2193; x_wconf 84' lang='lat' dir='ltr'><strong>usi</strong></span> <span class='ocrx_word' id='word_1_231' title='bbox 959 2161 1002 2194; x_wconf 91' lang='lat' dir='ltr'><strong>de</strong></span> <span class='ocrx_word' id='word_1_232' title='bbox 1027 2161 1182 2193; x_wconf 82' lang='lat' dir='ltr'><strong>laudibus</strong></span> <span class='ocrx_word' id='word_1_233' title='bbox 1217 2162 1277 2194; x_wconf 76' lang='lat' dir='ltr'><strong>viri</strong></span> <span class='ocrx_word' id='word_1_234' title='bbox 1303 2163 1427 2195; x_wconf 90' lang='lat' dir='ltr'><strong>summi</strong></span> <span class='ocrx_word' id='word_1_235' title='bbox 1452 2173 1526 2196; x_wconf 89' lang='lat' dir='ltr'><strong>ma-</strong></span> 
     </span>
     <span class='ocr_line' id='line_1_33' title="bbox 269 2221 818 2263; baseline -0.004 -8"><span class='ocrx_word' id='word_1_236' title='bbox 269 2225 357 2263; x_wconf 71' lang='lat' dir='ltr'><strong>ligne</strong></span> <span class='ocrx_word' id='word_1_237' title='bbox 387 2221 565 2253; x_wconf 77' lang='lat' dir='ltr'><strong>detrahere</strong></span> <span class='ocrx_word' id='word_1_238' title='bbox 592 2222 703 2253; x_wconf 80' lang='lat' dir='ltr'><strong>conati</strong></span> <span class='ocrx_word' id='word_1_239' title='bbox 731 2225 818 2253; x_wconf 81' lang='lat' dir='ltr'><strong>sunt.</strong></span> 
     </span>
    </p>

    <p class='ocr_par' dir='ltr' id='par_1_6' title="bbox 179 2276 1526 2542">
     <span class='ocr_line' id='line_1_34' title="bbox 179 2276 1526 2317; baseline -0.008 -3"><span class='ocrx_word' id='word_1_240' title='bbox 179 2281 385 2314; x_wconf 81' lang='lat' dir='ltr'><strong>Platonis</strong></span> <span class='ocrx_word' id='word_1_241' title='bbox 421 2279 515 2310; x_wconf 85' lang='lat' dir='ltr'><strong>libri</strong></span> <span class='ocrx_word' id='word_1_242' title='bbox 550 2278 612 2311; x_wconf 77' lang='lat' dir='ltr'><strong>lv.</strong></span> <span class='ocrx_word' id='word_1_243' title='bbox 646 2279 847 2317; x_wconf 55' lang='lat' dir='ltr'><strong>Gorgias.</strong></span> <span class='ocrx_word' id='word_1_244' title='bbox 883 2276 1098 2317; x_wconf 76' lang='lat' dir='ltr'><strong>Apologia</strong></span> <span class='ocrx_word' id='word_1_245' title='bbox 1135 2276 1354 2315; x_wconf 69' lang='lat' dir='ltr'><strong>Socratis,</strong></span> <span class='ocrx_word' id='word_1_246' title='bbox 1398 2277 1526 2309; x_wconf 83' lang='lat' dir='ltr'><strong>Char-</strong></span> 
     </span>
     <span class='ocr_line' id='line_1_35' title="bbox 271 2333 1525 2377; baseline -0.002 -7"><span class='ocrx_word' id='word_1_247' title='bbox 271 2338 427 2375; x_wconf 70' lang='lat' dir='ltr'><strong>mides7</strong></span> <span class='ocrx_word' id='word_1_248' title='bbox 471 2335 658 2377; x_wconf 86' lang='lat' dir='ltr'><strong>Hippias</strong></span> <span class='ocrx_word' id='word_1_249' title='bbox 702 2335 850 2368; x_wconf 85' lang='lat' dir='ltr'><strong>maior.</strong></span> <span class='ocrx_word' id='word_1_250' title='bbox 905 2333 1106 2366; x_wconf 78' lang='lat' dir='ltr'><strong>scholarum</strong></span> <span class='ocrx_word' id='word_1_251' title='bbox 1145 2333 1176 2364; x_wconf 90' lang='lat' dir='ltr'><strong>iu</strong></span> <span class='ocrx_word' id='word_1_252' title='bbox 1206 2343 1304 2365; x_wconf 90' lang='lat' dir='ltr'><strong>usum</strong></span> <span class='ocrx_word' id='word_1_253' title='bbox 1346 2334 1453 2366; x_wconf 83' lang='lat' dir='ltr'><strong>edidit</strong></span> <span class='ocrx_word' id='word_1_254' title='bbox 1485 2334 1525 2368; x_wconf 77' lang='lat' dir='ltr'><strong>L.</strong></span> 
     </span>
     <span class='ocr_line' id='line_1_36' title="bbox 275 2390 1524 2428; baseline -0.004 0"><span class='ocrx_word' id='word_1_255' title='bbox 275 2393 577 2428; x_wconf 75' lang='lat' dir='ltr'><strong>Heindorsius.</strong></span> <span class='ocrx_word' id='word_1_256' title='bbox 641 2392 852 2425; x_wconf 83' lang='lat' dir='ltr'><strong>Praefixa</strong></span> <span class='ocrx_word' id='word_1_257' title='bbox 899 2395 965 2424; x_wconf 88' lang='lat' dir='ltr'><strong>est</strong></span> <span class='ocrx_word' id='word_1_258' title='bbox 1012 2390 1236 2422; x_wconf 85' lang='lat' dir='ltr'><strong>annotatio</strong></span> <span class='ocrx_word' id='word_1_259' title='bbox 1287 2392 1444 2423; x_wconf 83' lang='lat' dir='ltr'><strong>critica</strong></span> <span class='ocrx_word' id='word_1_260' title='bbox 1483 2392 1524 2423; x_wconf 88' lang='lat' dir='ltr'><strong>iu</strong></span> 
     </span>
     <span class='ocr_line' id='line_1_37' title="bbox 273 2446 1524 2495; baseline -0.004 -10"><span class='ocrx_word' id='word_1_261' title='bbox 273 2451 523 2495; x_wconf 67' lang='lat' dir='ltr'><strong>Apologiam</strong></span> <span class='ocrx_word' id='word_1_262' title='bbox 557 2450 769 2482; x_wconf 83' lang='lat' dir='ltr'><strong>Socratis.</strong></span> <span class='ocrx_word' id='word_1_263' title='bbox 823 2449 940 2482; x_wconf 86' lang='lat' dir='ltr'><strong>Berol.</strong></span> <span class='ocrx_word' id='word_1_264' title='bbox 973 2447 1074 2482; x_wconf 77' lang='lat'><strong>1805.</strong></span> <span class='ocrx_word' id='word_1_265' title='bbox 1122 2447 1154 2481; x_wconf 79' lang='grc'><strong>8.</strong></span> <span class='ocrx_word' id='word_1_266' title='bbox 1212 2446 1403 2479; x_wconf 88' lang='lat' dir='ltr'><strong>Adnotatio</strong></span> <span class='ocrx_word' id='word_1_267' title='bbox 1447 2458 1524 2490; x_wconf 85' lang='lat' dir='ltr'><strong>per-</strong></span> 
     </span>
     <span class='ocr_line' id='line_1_38' title="bbox 267 2509 392 2542; baseline 0.016 -2"><span class='ocrx_word' id='word_1_268' title='bbox 267 2509 392 2542; x_wconf 76' lang='lat' dir='ltr'><strong>brevis.</strong></span> 
     </span>
    </p>

    <p class='ocr_par' dir='ltr' id='par_1_7' title="bbox 186 2559 1521 2769">
     <span class='ocr_line' id='line_1_39' title="bbox 186 2559 1521 2606; baseline -0.005 -7"><span class='ocrx_word' id='word_1_269' title='bbox 186 2567 385 2599; x_wconf 80' lang='lat' dir='ltr'><strong>Platonis</strong></span> <span class='ocrx_word' id='word_1_270' title='bbox 427 2564 706 2606; x_wconf 81' lang='lat' dir='ltr'><strong>dialogorum</strong></span> <span class='ocrx_word' id='word_1_271' title='bbox 748 2562 978 2594; x_wconf 78' lang='lat' dir='ltr'><strong>delectus..</strong></span> <span class='ocrx_word' id='word_1_272' title='bbox 1009 2561 1128 2593; x_wconf 84' lang='lat' dir='ltr'><strong>Pars.</strong></span> <span class='ocrx_word' id='word_1_273' title='bbox 1165 2561 1189 2592; x_wconf 93' lang='lat' dir='ltr'><strong>l.</strong></span> <span class='ocrx_word' id='word_1_274' title='bbox 1257 2559 1521 2602; x_wconf 71' lang='lat' dir='ltr'><strong>Eutliyphro‚</strong></span> 
     </span>
     <span class='ocr_line' id='line_1_40' title="bbox 274 2618 1521 2666; baseline -0.003 -13"><span class='ocrx_word' id='word_1_275' title='bbox 274 2622 480 2666; x_wconf 61' lang='lat' dir='ltr'><strong>Apologia</strong></span> <span class='ocrx_word' id='word_1_276' title='bbox 520 2620 743 2659; x_wconf 79' lang='lat' dir='ltr'><strong>Socratis,</strong></span> <span class='ocrx_word' id='word_1_277' title='bbox 777 2619 911 2652; x_wconf 91' lang='lat' dir='ltr'><strong>Crito.</strong></span> <span class='ocrx_word' id='word_1_278' title='bbox 970 2619 1020 2651; x_wconf 79' lang='lat' dir='ltr'><strong>Ex</strong></span> <span class='ocrx_word' id='word_1_279' title='bbox 1056 2619 1256 2650; x_wconf 86' lang='lat' dir='ltr'><strong>recensione</strong></span> <span class='ocrx_word' id='word_1_280' title='bbox 1288 2622 1322 2650; x_wconf 84' lang='lat' dir='ltr'><strong>et</strong></span> <span class='ocrx_word' id='word_1_281' title='bbox 1351 2628 1426 2650; x_wconf 90' lang='lat' dir='ltr'><strong>cum</strong></span> <span class='ocrx_word' id='word_1_282' title='bbox 1454 2618 1521 2649; x_wconf 81' lang='lat' dir='ltr'><strong>La-</strong></span> 
     </span>
     <span class='ocr_line' id='line_1_41' title="bbox 271 2673 1519 2720; baseline -0.005 -9"><span class='ocrx_word' id='word_1_283' title='bbox 271 2681 338 2712; x_wconf 82' lang='lat' dir='ltr'><strong>tina</strong></span> <span class='ocrx_word' id='word_1_284' title='bbox 367 2679 648 2720; x_wconf 72' lang='lat' dir='ltr'><strong>interpretatione</strong></span> <span class='ocrx_word' id='word_1_285' title='bbox 685 2677 749 2710; x_wconf 84' lang='lat' dir='ltr'><strong>Fr.</strong></span> <span class='ocrx_word' id='word_1_286' title='bbox 784 2677 828 2708; x_wconf 80' lang='lat' dir='ltr'><strong>A.</strong></span> <span class='ocrx_word' id='word_1_287' title='bbox 862 2675 1002 2709; x_wconf 79' lang='lat' dir='ltr'><strong>Wolfi.</strong></span> <span class='ocrx_word' id='word_1_288' title='bbox 1051 2675 1087 2707; x_wconf 89' lang='lat' dir='ltr'><strong>ln</strong></span> <span class='ocrx_word' id='word_1_289' title='bbox 1118 2684 1215 2706; x_wconf 88' lang='lat' dir='ltr'><strong>usum</strong></span> <span class='ocrx_word' id='word_1_290' title='bbox 1252 2673 1519 2714; x_wconf 81' lang='lat' dir='ltr'><strong>praelectionum</strong></span> 
     </span>
     <span class='ocr_line' id='line_1_42' title="bbox 268 2731 1312 2769; baseline -0.004 -2"><span class='ocrx_word' id='word_1_291' title='bbox 268 2737 414 2768; x_wconf 79' lang='lat' dir='ltr'><strong>Berolin.</strong></span> <span class='ocrx_word' id='word_1_292' title='bbox 442 2735 541 2769; x_wconf 78' lang='lat'><strong>1812.</strong></span> <span class='ocrx_word' id='word_1_293' title='bbox 567 2734 600 2768; x_wconf 89' lang='lat'><strong>4.</strong></span> <span class='ocrx_word' id='word_1_294' title='bbox 627 2735 704 2767; x_wconf 88' lang='lat' dir='ltr'><strong>min.</strong></span> <span class='ocrx_word' id='word_1_295' title='bbox 756 2733 1020 2765; x_wconf 78' lang='lat' dir='ltr'><strong>Adnotationem</strong></span> <span class='ocrx_word' id='word_1_296' title='bbox 1049 2732 1149 2764; x_wconf 84' lang='lat' dir='ltr'><strong>habet</strong></span> <span class='ocrx_word' id='word_1_297' title='bbox 1177 2731 1312 2763; x_wconf 78' lang='lat' dir='ltr'><strong>nullam.</strong></span> 
     </span>
    </p>
   </div>
   <div class='ocr_carea' id='block_1_5' title="bbox 1630 959 1644 1030">
    <p class='ocr_par' dir='ltr' id='par_1_8' title="bbox 1630 959 1644 1030">
     <span class='ocr_line' id='line_1_43' title="bbox 1630 959 1644 1030; baseline 0 -43"><span class='ocrx_word' id='word_1_298' title='bbox 1630 959 1644 1030; x_wconf 44' lang='grc' dir='ltr'><strong>ἱ.</strong></span> 
     </span>
    </p>
   </div>
   <div class='ocr_carea' id='block_1_6' title="bbox 1628 1034 1636 1050">
    <p class='ocr_par' dir='ltr' id='par_1_9' title="bbox 1628 1034 1636 1050">
     <span class='ocr_line' id='line_1_44' title="bbox 1628 1034 1636 1050; baseline 0 0"><span class='ocrx_word' id='word_1_299' title='bbox 1628 1034 1636 1050; x_wconf 86' lang='lat' dir='ltr'><strong>&#39;l</strong></span> 
     </span>
    </p>
   </div>
   <div class='ocr_carea' id='block_1_7' title="bbox 1628 1074 1637 1128">
    <p class='ocr_par' dir='ltr' id='par_1_10' title="bbox 1628 1074 1637 1128">
     <span class='ocr_line' id='line_1_45' title="bbox 1628 1074 1637 1128; baseline 0 0"><span class='ocrx_word' id='word_1_300' title='bbox 1628 1074 1637 1128; x_wconf 78' lang='lat' dir='ltr'><strong>i</strong></span> 
     </span>
    </p>
   </div>
  </div>
 </body>
</html>
