1644 3039
1296 197 1450 239 LXIII

108 313 212 355 celsi
271 312 456 354 alicuius
514 319 667 369 poetae
727 326 843 352 inore
892 311 1018 352 altius
1079 311 1264 353 enitatur
1318 314 1450 355 auda-

105 370 286 424 ciusque
325 369 539 423 exsultet,
580 375 724 411 tamen
773 383 850 410 nec
903 368 944 408 iu
987 383 1150 410 summa
1190 369 1452 414 sublimitate

104 425 374 469 obliviscitur
412 425 762 482 perspicuitatis,
805 439 914 479 quae
955 439 1125 481 semper
1162 432 1285 468 tanta
1325 428 1369 468 in
1399 443 1450 470 eo

104 482 317 540 splendet,
349 489 398 524 ut
428 497 638 538 nusquam
671 480 953 534 desideretur,
979 483 1061 524 nisi
1092 483 1230 526 sicubi
1261 485 1452 539 ipsarum

101 556 244 583 rerum
275 540 516 582 obscuritas
548 539 757 581 orationis
795 538 954 580 lumine
987 538 1144 595 depelli
1176 557 1262 583 non
1293 542 1449 598 potuit.

105 596 206 641 Sed.
221 613 352 652 quum
386 597 430 638 in
460 597 580 638 libris
613 596 705 638 eius
737 595 814 637 has
852 595 1026 637 dicendi
1054 597 1249 650 virtutes,
1287 599 1451 654 simpli-

103 654 278 696 citatem
307 660 351 695 et
381 654 750 709 perspicuitatem,
783 653 953 707 copiam
985 660 1027 694 et
1057 654 1316 709 ubertatem,
1351 656 1452 698 sub-

103 711 329 753 limitatem
349 718 393 752 et
413 710 638 752 audaciam
657 709 785 752 liceat
808 708 1166 764 animadvertere,
1187 718 1276 753 tum
1298 713 1452 755 mirum

105 767 225 809 dictu
256 779 343 818 est,
377 783 504 822 quam
543 766 748 823 prudenti
778 766 958 808 consilio
990 768 1107 808 varia
1139 770 1346 811 orationis
1378 785 1451 827 ge-

101 839 206 866 nera
234 824 342 879 ipsis
372 825 515 878 rebus,
540 839 647 879 quas
672 824 878 879 explicat,
903 824 1064 878 ubique
1096 832 1450 881 attemperentur.

102 882 284 923 Leniter
313 881 426 923 enim
458 881 620 923 incedit
654 882 790 922 oratio
823 881 866 921 in
890 880 1184 936 disputatione
1208 882 1450 938 dialectica,

103 938 178 980 ubi
220 937 460 980 disserendi
504 938 744 980 subtilitate
782 953 893 993 opus
935 944 1027 991 est,
1070 954 1180 992 quac
1223 941 1451 983 verborum

102 1001 298 1037 ornatum
340 1002 619 1051 aspernatur3
661 995 866 1036 celeriore
903 1010 1050 1037 rursus
1083 1011 1211 1037 cursu
1243 997 1379 1039 fertur
1408 1000 1451 1040 in

101 1052 283 1093 aliorum
321 1052 522 1094 irrisione
564 1052 739 1106 acrique
780 1067 875 1093 cum
908 1052 1116 1107 sophistis
1150 1055 1449 1106 contentione3

100 1108 306 1150 audacior
326 1124 456 1165 porro
468 1109 519 1150 fit
538 1124 588 1151 ac
608 1109 734 1165 plane
760 1109 968 1163 sublimis,
983 1110 1057 1151 ubi
1079 1110 1223 1166 agitur
1243 1111 1296 1153 de
1321 1113 1450 1155 rebus

101 1165 276 1219 divinis,
299 1181 481 1221 quarum
498 1167 584 1207 vim
617 1172 661 1207 et
691 1172 887 1207 naturam
920 1165 1112 1208 divinare
1143 1168 1288 1222 potius
1320 1176 1449 1224 atque

102 1223 305 1279 augurari
326 1223 442 1276 licet,
456 1238 584 1278 quam
603 1228 746 1264 mente
767 1228 810 1264 et
829 1223 970 1264 animo
993 1224 1165 1279 penitus
1185 1225 1448 1279 intelligere3

100 1278 286 1333 denique
299 1279 450 1321 eadem
460 1279 734 1321 mollissimae
745 1294 867 1321 cerae
879 1280 1016 1321 instar
1029 1280 1135 1322 adeo
1153 1288 1219 1322 est
1232 1281 1449 1338 flexibilis,

100 1342 150 1377 ut
179 1350 437 1391 quocunque
471 1335 668 1389 ducatur,
689 1352 739 1378 eo
763 1342 971 1391 sequatur
989 1337 1192 1379 facillime
1218 1346 1260 1380 et
1291 1341 1449 1395 cuique

99 1399 354 1449 argumento
396 1392 721 1435 accommodata
760 1393 848 1434 fiat.
908 1395 1058 1448 Atque
1089 1410 1140 1436 ex
1171 1395 1236 1438 his
1266 1396 1450 1440 iudicari

99 1457 266 1503 potest,
299 1464 385 1503 quo
425 1450 517 1491 iure
559 1456 725 1491 veteres
762 1456 872 1492 teste
911 1449 1081 1492 Cicer.
1128 1452 1251 1494 Brut.
1300 1468 1336 1496 c.
1380 1456 1447 1496 31.

98 1505 346 1547 censuerint
381 1505 539 1548 Jovem
577 1506 741 1562 ipsum,
773 1507 809 1549 si
840 1505 1010 1549 Graece
1041 1507 1312 1564 loqueretur,
1346 1511 1448 1553 Pla-

96 1563 212 1605 tonis
246 1562 415 1604 dicendi
442 1578 598 1619 genere
633 1563 768 1605 fuisse
797 1578 988 1605 usurum.
1050 1564 1138 1607 Sed
1170 1573 1363 1610 veterum
1395 1568 1447 1611 de

97 1619 297 1661 Platonis
317 1618 508 1662 dictione
528 1619 689 1661 iudicia
708 1620 743 1662 si
766 1621 861 1675 quis
884 1621 991 1663 velit
1018 1637 1297 1679 cognoscere,
1321 1625 1449 1667 adeat

98 1676 138 1719 is
167 1675 348 1719 Cicer.
381 1677 449 1718 De
483 1677 621 1733 Legg.
651 1677 712 1718 11.
747 1679 783 1720 7.
813 1676 934 1720 Orat.
966 1681 1088 1721 c.‘.>0.
1121 1695 1156 1722 c.
1178 1682 1246 1723 44.
1281 1681 1448 1735 Quin-

96 1732 180 1774 til.
219 1733 279 1775 X.
322 1735 358 1775 1.
404 1733 501 1775 coll.
547 1735 632 1776 IX.
675 1737 713 1776 4.
756 1734 994 1791 Diogen.
1039 1738 1089 1777 L.
1135 1737 1216 1779 ΙΙΙ.
1261 1741 1326 1782 25.
1362 1741 1446 1793 37.‚

97 1789 171 1832 ubi
201 1790 463 1833 Aristoteles
501 1797 699 1832 narratur
741 1790 1001 1833 iudicavisse
1038 1793 1233 1837 Platonis
1275 1796 1448 1838 dicendi

97 1862 235 1902 genus
268 1847 579 1893 mediumesse
617 1848 730 1888 inter
758 1848 973 1902 poeticam
1011 1855 1054 1890 et
1078 1865 1253 1904 prosam
1285 1854 1446 1895 oratio·

97 1918 217 1953 nem3
271 1902 504 1959 Dionys.
555 1904 625 1945 De
675 1919 814 1959 comp.
875 1905 1009 1947 Verb.
1062 1907 1114 1948 T.
1166 1907 1226 1950 Π.
1282 1925 1325 1965 p.
1380 1912 1444 1952 17.

96 1958 163 2000 ed.
195 1959 317 2016 Sylb.
347 1960 533 2016 Epistol.
564 1960 616 2002 ad
653 1961 803 2017 Pomp.
835 1963 885 2004 T.
920 1962 978 2003 ΙΙ.
1009 1979 1053 2018 p.
1089 1966 1196 2019 117„
1228 1982 1313 2021 quo
1349 1967 1445 2010 loco

96 2016 322 2059 Platonem
351 2017 395 2058 in
425 2017 655 2074 magnifico
685 2017 855 2060 dicendi
885 2034 1042 2076 genere
1063 2021 1180 2063 haud
1199 2023 1260 2064 ita
1277 2024 1444 2066 felicem

95 2072 229 2115 fuisse
268 2074 523 2126 arbitratum
563 2074 633 2116 De
671 2073 821 2118 admir.
871 2078 914 2119 vi
953 2077 1181 2121 Demosth.
1219 2081 1444 2126 XXVIII.

95 2129 330 2187 Longin.
362 2130 433 2173 De
465 2128 645 2174 Sublim.
686 2139 789 2175 sect.
834 2136 897 2176 12.
934 2136 999 2176 13.
1034 2142 1076 2178 et
1105 2138 1172 2179 32.
1204 2137 1442 2181 Demetr.

94 2186 162 2228 De
191 2188 348 2230 elocut.
377 2188 416 2244 ξ.
447 2189 514 2230 80.
547 2190 586 2242 ξ.
622 2189 715 2233 186.

208 2298 298 2342 Sed
337 2299 404 2342 his
432 2310 655 2356 utcunque
687 2305 894 2360 expositis
927 2311 1150 2360 superest,
1183 2311 1232 2346 ut
1263 2306 1368 2361 quid
1397 2308 1442 2349 in

95 2354 175 2396 hac
195 2355 400 2398 librorum
415 2357 611 2401 Platonis
637 2360 826 2402 editione
847 2362 983 2403 secuti
1004 2362 1149 2416 simus,
1167 2364 1319 2417 paucis
1340 2363 1441 2406 dec-

92 2411 317 2455 larandum
337 2413 405 2455 sit.
436 2413 613 2470 Duplex
635 2424 777 2459 autem
793 2425 986 2460 nostrum
1007 2418 1205 2460 duximus
1227 2420 1438 2462 officium:

94 2469 300 2523 alterum,
334 2469 451 2524 quod
494 2472 684 2515 cernitur
719 2475 764 2516 in
794 2473 963 2516 Graeca
1001 2476 1196 2517 oratione
1225 2476 1279 2517 ad
1311 2477 1439 2520 fidem

93 2526 354 2582 optimorum
382 2526 590 2569 librorum
620 2531 834 2587 exigenda
854 2538 896 2573 et
917 2532 1222 2583 examinanda3
1243 2533 1437 2589 alterum,

93 2582 210 2637 quod
240 2584 423 2626 refertur
453 2583 508 2624 ad
538 2586 765 2629 verborum
797 2595 925 2643 atque
957 2604 1097 2630 rerum
1117 2589 1438 2646 interpretatio-

91 2654 201 2682 nem.
261 2640 321 2682 Et
351 2640 533 2697 primum
564 2641 670 2684 illud
712 2660 789 2700 per
820 2645 1045 2687 consilium
1074 2646 1202 2688 huius
1234 2647 1437 2691 editionis

91 2696 348 2740 arctioribus
389 2697 597 2740 limitibus
625 2700 1054 2757 circumscripsimuS,
1086 2703 1168 2744 etsi
1209 2719 1287 2759 pro
1317 2705 1437 2747 varia

92 2752 356 2809 singulorum
397 2754 604 2796 librorum
653 2756 898 2800 conditione
957 2759 1074 2800 vario
1123 2769 1329 2815 tanquam
1377 2763 1435 2803 rei
