1644 3039
199 157 252 196 (30
676 156 1049 201 PLATONIS

197 270 536 328 ράκια,άτεχνῶς
555 272 718 328 ἐρήμην
734 274 1455 330 κατηγοροῦντες,άπολογουμὲνου
1471 276 1546 318 οὐ·

198 337 334 389 δενός.
359 337 381 381 ὃ
396 342 438 382 δὲ
455 342 634 383 πάντων
647 341 949 395 αλογώτατον,
963 341 1031 386 ὅτι
1047 341 1146 385 οὐδὲ
1164 341 1216 384 τά
1234 342 1434 397 ὀνόματα
1450 342 1546 387 οἷόν

122 406 165 446 D
196 422 241 447 τε
255 406 402 449 αὐτῶν
427 410 583 450 έὶδέναι
607 413 678 450 καὶ
696 414 839 460 εἰπεῖν,
852 410 966 462 πλὴν
988 410 1098 458 εἴτις
1121 409 1434 464 κωμῳδοποιὸς
1447 428 1548 464 τυγ-

193 471 316 527 χάνει
352 470 559 517 dim-5601.
591 478 634 518 δέ
666 474 831 533 φθόνῳ
861 482 933 519 καὶ
969 479 1151 536 διαβολῇ
1178 475 1395 531 χρώμένοι
1432 475 1549 531 ὑμᾶς

196 538 457 606 ἀνέπειθον,
494 547 548 593 οὶ,
565 545 607 585 δέ
642 546 713 585 καὶ
736 543 867 587 αὐτοὶ
888 548 1160 598 πεπεισμένοι
1180 543 1342 593 ἄλλους
1361 548 1549 587 πείθον-

196 623 276 656 τες,
315 608 438 651 οὑτοι
475 608 637 660 πάντες
681 610 985 666 ἀπορώτατοί’
1003 615 1129 653 εἰσιν·
1181 610 1280 653 οὐδὲ
1317 610 1401 664 γάρ
1437 609 1550 652 ἀνα-

195 672 482 728 βιβάσασθαι
518 676 614 719 οἷον
653 676 682 719 τ’
725 682 842 720 ἐστὶν
865 677 1013 720 αὐτῶν
1036 680 1254 719 ἐνταυθοῖ
1278 677 1368 720 οὐδ’
1387 678 1551 729 ἐλέγξαι

198 740 371 793 οὐδένα,
385 741 475 785 ἀλλ’
493 742 522 785 ά
532 742 668 798 νάγκη
681 742 1017 800 άτεχνῶςῶςπέρ
1035 754 1287 799 σκιαμαχεῖν
1300 742 1551 796 ἀπολογού-

196 807 331 863 μενόν
368 826 410 852 τε
446 813 519 853 καὶ
554 813 733 867 ἐλέγχειν
766 811 953 867 μηδενὸς
986 812 1353 868 ἀποκρινομένου,
1408 809 1552 863 Ἀξιώ-

290 941 329 972 D.
357 940 401 971 εἴ
419 950 478 971 τις
507 938 828 984 κωμῳδοποιὸς
854 940 899 983 τ.]
928 941 966 974 V.
992 938 1272 983 κωμῳδιοποιός,
1299 940 1391 981 quod
1425 951 1443 972 e
1469 941 1550 971 Vat.

199 984 288 1017 Ven.
325 987 360 1019 Ξ.
394 997 423 1019 a,
462 988 492 1017 h.
521 987 610 1021 Flor.
644 988 676 1019 d.
702 999 733 1029 g.
760 987 789 1019 h.
819 987 914 1019 vind.
952 990 978 1021 1.
1007 986 1038 1019 2.
1066 988 1096 1019 5.
1124 987 1155 1019 6.
1183 987 1265 1018 Zitt.
1293 989 1364 1017 l'ar.
1393 986 1552 1018 ernenda-

197 1035 280 1065 tum.
307 1043 336 1066 v.
368 1032 557 1066 Pierson.
585 1033 625 1064 ad
655 1034 762 1067 Moer.
790 1045 820 1075 p.
849 1033 941 1072 240..
967 1033 1024 1074 (1111
1051 1034 1182 1064 censuit
1209 1035 1378 1070 vulgarem
1410 1032 1552 1064 formam

198 1087 217 1108 e
241 1078 392 1109 Platonis
418 1079 552 1121 scriptis
578 1079 703 1119 ubique
733 1079 968 1120 expellendam
997 1089 1086 1110 esse.
1115 1090 1142 1112 v.
1171 1078 1212 1110 ad
1238 1077 1414 1110 Phaedon.
1443 1088 1475 1119 p.
1496 1077 1550 1112 70.

201 1123 238 1155 B.
266 1124 430 1166 Sympos.
466 1137 496 1166 p.
532 1124 608 1159 223.
637 1126 676 1157 D.
706 1125 748 1156 al.
778 1126 868 1157 Libri
902 1131 1012 1156 tamen
1059 1125 1215 1156 Platonis
1248 1123 1408 1155 iudicium
1445 1123 1551 1155 critici

199 1169 336 1201 dubium
365 1170 524 1202 reddunt.
560 1172 682 1212 Itaque
709 1170 806 1202 facile
835 1171 1037 1202 accedamus
1064 1169 1337 1201 Schneidero
1364 1169 1405 1200 ad
1427 1168 1552 1210 Remp.

197 1215 240 1247 X.
272 1227 302 1257 p.
338 1216 415 1249 606.
450 1217 488 1248 C.
522 1216 659 1248 Platoni
696 1221 877 1257 utramque
910 1216 1054 1248 sormam
1097 1215 1316 1256 impertienti.
1367 1215 1444 1246 Hoc
1476 1215 1554 1246 ioco

199 1262 265 1293 utri
292 1264 407 1303 generi
425 1263 583 1294 codicum
605 1264 910 1303 obtemperandum
938 1264 995 1302 sit,
1023 1260 1179 1293 dubitare
1207 1260 1330 1301 licebit,
1357 1270 1461 1301 quum
1488 1260 1553 1292 Va-

200 1355 284 1383 sect.
313 1350 351 1384 B.
378 1352 543 1393 scriptum
571 1357 641 1384 est:
666 1352 845 1395 παραλαμ-

197 1396 360 1437 βάνοντες
386 1398 543 1435 ἔπαθον,
584 1398 615 1429 id
653 1399 695 1431 de
723 1403 846 1430 conatu

201 1453 330 1483 operae
356 1444 601 1485 accipiendum.

913 1352 1003 1394 psias
1030 1351 1062 1382 in
1090 1351 1219 1389 Couno,
1245 1360 1333 1392 quae
1359 1348 1469 1381 sabula
1490 1359 1555 1381 una

914 1408 989 1429 cum
1021 1397 1176 1429 Nubibus
1195 1395 1434 1437 Aristophanis
1460 1405 1555 1427 com-

912 1444 1016 1475 missa
1043 1448 1109 1481 est,
1127 1443 1284 1483 Eupolis,
1312 1452 1330 1472 a
1350 1451 1418 1482 quo
1439 1440 1554 1474 Schoi.

247 1487 432 1528 ἀτεχνῶς
474 1487 638 1531 ἐρήμην
670 1492 842 1530 narona]

199 1534 309 1576 ἐρήμη
347 1535 464 1575 (δίκη)
514 1541 567 1567 est
612 1535 842 1567 vadimonium

202 1580 390 1619 desertum,
420 1591 522 1621 quum
550 1591 628 1613 reus
656 1581 688 1612 in
716 1581 842 1613 iudicio

203 1637 268 1658 non
304 1630 491 1668 comparet.
527 1638 556 1658 v.
598 1627 781 1668 Hesych.
808 1632 841 1659 et

201 1672 230 1704 P
247 1672 435 1706 havorin.
462 1672 491 1705 h.
515 1683 544 1703 v.
574 1673 757 1705 Dicebatur
774 1674 842 1705 hoc

202 1719 247 1753 εἷς
272 1718 335 1759 τήν
360 1720 479 1760 κυρίαν
513 1716 574 1748 otiu
602 1718 764 1759 ὀφθῆναι
790 1721 841 1751 vel

201 1764 246 1806 μὴ
264 1765 471 1805 αἠιιντῆσαι.
488 1775 517 1796 v.
529 1764 557 1795 P
569 1775 589 1796 0
601 1766 606 1796 Ι
619 1766 629 1796 l
642 1775 660 1796 u
672 1775 703 1798 X.
716 1764 840 1797 Onom.

208 1811 299 1843 vm.
328 1811 381 1844 (vO.
422 1811 538 1852 itaque
572 1810 704 1853 ἐρήμην
735 1823 841 1852 κατη-

203 1860 314 1899 γορεῖν
334 1861 389 1889 est
405 1866 615 1890 accusare
638 1866 708 1889 reu
725 1867 754 1889 m
779 1858 843 1889 ab·

205 1907 401 1941 sentem,
465 1913 584 1944 quum
654 1902 844 1935 vadimo-

204 1949 317 1980 nium
357 1948 564 1981 deseruit.
603 1960 633 1981 v.
669 1948 844 1980 petitus

204 1994 246 2026 ad
274 1994 381 2035 Legg.
412 1995 512 2027 Attic.
549 2004 580 2035 p.
608 1993 684 2027 317.
712 1994 846 2026 Hudt-

204 2041 359 2072 waiker
394 2039 437 2070 de
464 2039 631 2071 Diaetetis
657 2039 782 2073 Athen.
815 2051 843 2081 p.

203 2086 248 2120 99
290 2096 361 2127 sqq.
415 2085 552 2118 Meier
601 2089 637 2116 et
686 2084 847 2116 Schoe-

205 2142 337 2165 mann.
366 2132 384 2165 Ι.
416 2142 444 2165 c.
475 2142 505 2172 p.
532 2130 598 2165 753
626 2141 699 2172 sqq.
743 2131 847 2162 Cuius

205 2178 253 2210 rei
284 2179 377 2209 notio
410 2178 547 2219 gratius
578 2179 680 2209 etiam
708 2177 848 2209 effertur

206 2235 246 2256 ac
272 2223 371 2255 simul
401 2224 593 2255 declaratur
618 2222 742 2254 additis
768 2233 844 2254 ver-

207 2271 275 2302 bis:
294 2269 572 2311 ἀπολογουμένου
588 2268 740 2306 οὐδενός,
757 2278 845 2309 quae

207 2326 318 2357 nuper
336 2316 492 2347 acutulus
518 2316 651 2347 criticus
682 2315 846 2346 audacter

208 2362 356 2394 deletum
370 2360 690 2400 ἰνῐ1,νοο.ᾰτεχιιῶς
708 2361 738 2391 111
749 2371 843 2392 com-

208 2408 440 2450 parationibus
451 2406 693 2449 solemne3v.ad
706 2405 841 2448 p.30.E.

257 2455 295 2485 D.
345 2452 422 2494 πλὴ
440 2466 454 2483 1·
493 2453 534 2483 εἴ
559 2465 624 2486 τις
649 2453 846 2494 κωμῳδο-

210 2499 345 2534 ποιὸς
370 2500 424 2540 1.]
471 2498 554 2530 Nam
587 2499 716 2530 Comici
746 2509 846 2539 quum

211 2547 349 2577 omnino
388 2544 598 2586 philosophis
641 2549 757 2576 esseut
798 2545 846 2575 in-

209 2591 299 2631 festi,
327 2596 397 2623 tum
427 2592 531 2622 etiam
558 2592 737 2622 Socratem
763 2589 847 2622 iudi-

210 2637 283 2668 brio
326 2636 523 2669 habuerunt.
574 2636 676 2670 Quod
710 2636 847 2677 quidem

210 2687 347 2724 praeter
384 2681 663 2724 Aristophanem,
703 2682 745 2713 de
783 2691 850 2722 (1110

211 2727 252 2760 ad
280 2739 308 2759 c.
336 2728 365 2761 3.
394 2729 537 2766 dicetur,
569 2728 689 2759 fecisse
714 2738 850 2761 narran-

212 2779 266 2806 tur
292 2774 450 2807 Cratinus
477 2774 508 2806 in
536 2774 724 2816 Panoptis,
759 2773 851 2806 Ami·

912 1489 953 1521 ad
970 1488 1148 1529 Aristoph.
1171 1488 1281 1522 Rubi).
1313 1497 1342 1519 ν.
1359 1487 1414 1520 97.
1431 1490 1555 1518 auctor

912 1539 965 1567 est
991 1535 1174 1566 Socratem
1212 1534 1263 1565 hic
1297 1536 1331 1565 et
1356 1533 1424 1564 iilic
1452 1531 1555 1563 vehe-

911 1580 1123 1613 mentissime
1142 1579 1246 1611 fuisse
1261 1583 1468 1620 correptum,
1487 1578 1555 1609 aiii.

912 1626 1026 1658 Schoi.
1053 1626 1095 1657 ad
1123 1625 1232 1659 Nubb.
1259 1626 1280 1657 1.
1309 1635 1337 1656 c.
1364 1625 1467 1656 etiam
1497 1624 1556 1655 Di-

913 1672 1039 1715 philum
1078 1673 1249 1709 nominat,
1291 1680 1390 1712 quem
1440 1674 1556 1701 tamen

913 1718 1155 1752 Meinekius
1196 1717 1286 1748 Hist.
1330 1715 1412 1749 Crit.
1456 1715 1555 1749 Com.

913 1776 946 1807 p.
959 1764 1035 1799 Α149.
1050 1768 1170 1796 censet
1185 1773 1249 1794 non
1265 1762 1431 1794 comicum
1450 1761 1557 1792 fuisse

913 1814 1061 1865 poetam
1089 1809 1147 1841 sed
1173 1809 1287 1851 potius
1311 1808 1491 1839 ‘iambicum
1523 1810 1558 1838 et

914 1859 990 1899 ipso
1038 1855 1267 1897 Aristophane
1319 1854 1556 1894 antiquiorem.

915 1902 1013 1935 Conf
1066 1899 1460 1942 Diog.1,aert.11
1501 1897 1556 1932 16.

916 1947 1218 1989 Olympiodor.
1282 1944 1323 1977 ad
1385 1943 1557 1976 Phaedon.

915 2006 947 2037 p.
982 1994 1037 2026 70.
1080 1992 1120 2025 B.
1165 1997 1199 2025 et
1236 2002 1322 2032 quae
1362 1990 1557 2023 testimonia

916 2039 1056 2082 protulit
1094 2037 1355 2069 Fritschius
1391 2036 1557 2068 Quaesti-

918 2095 994 2117 onn
1023 2084 1201 2124 Aristoph.
1249 2083 1298 2114 De
1324 2082 1471 2113 Socrate
1495 2091 1557 2113 ve-

917 2136 1027 2163 terum
1057 2129 1274 2160 Comicorum
1310 2138 1341 2169 p.
1371 2126 1433 2160 196
1460 2137 1533 2168 sqq.

963 2173 1118 2218 φθόνῳ
1143 2188 1213 2205 και
1240 2173 1426 2215 διιιθοὶἧ
1452 2171 1556 2214 χρώ-

916 2221 1054 2262 μενοι]
1082 2221 1102 2254 1.
1122 2232 1150 2253 e.
1173 2223 1392 2261 φθονοῦντες
1409 2220 1462 2249 καὶ
1481 2219 1558 2248 δια-

914 2265 1109 2310 βα’λλοντες.
1164 2267 1214 2297 De
1255 2265 1360 2296 verbo
1397 2267 1558 2305 χρῆσθαι

915 2324 989 2346 cum
1023 2312 1247 2344 substantivis
1280 2312 1325 2342 ita
1361 2312 1557 2349 coniuncto,

914 2365 950 2392 ut
977 2361 1064 2391 alius
1083 2359 1176 2390 verbi
1204 2356 1413 2399 periphrasin
1441 2356 1556 2394 faciat,

914 2401 1451 2438 iideHemsterhusiumad
1475 2401 1557 2432 Cal-

916 2450 1047 2484 limach
1077 2451 1203 2492 Hymn.
1237 2450 1267 2480 iu
1304 2448 1398 2479 Dian.
1437 2446 1554 2479 1.611.

918 2516 952 2521 -—
989 2497 1119 2528 Deinde
1138 2496 1293 2535 sequitur
1319 2496 1361 2525 οἱ
1387 2491 1556 2544 ὸὲ.(111351

919 2548 997 2584 post
1025 2540 1102 2573 ὅσοι
1122 2541 1158 2572 δὲ
1176 2541 1305 2572 inarum
1327 2543 1420 2571 esset
1439 2549 1470 2568 οι
1487 2538 1556 2577 μέν,

920 2590 962 2621 de
997 2600 1060 2629 qua
1099 2587 1256 2628 ioquendi
1294 2586 1425 2616 ratione
1457 2594 1488 2617 1.
1513 2583 1556 2615 ad

920 2636 1060 2675 Protag.
1090 2645 1121 2675 p.
1149 2632 1223 2666 320.
1250 2632 1283 2662 A
1311 2631 1388 2663 331.

967 2677 1242 2722 ἀπορώτατοί
1289 2677 1396 2718 εἰσι]
1416 2630 1480 2707 Bit.
1527 2686 1555 2707 e.

922 2729 1057 2766 tales,
1083 2726 1152 2766 (1111
1180 2723 1350 2756 minime
1383 2720 1557 2764 possint

923 2771 1170 2815 oppugnari
1233 2773 1276 2802 et
1344 2766 1554 2800 convinci.
