1644 3039
212 193 531 237 PLATONIS
565 193 948 236 APOLOGIAM
979 192 1297 237 SOCRATIS.
1402 195 1425 233 7

78 306 261 362 ideoque
309 307 451 348 animo
501 321 646 348 secum
692 312 893 360 reputare
940 304 1162 360 coepisse,
1214 321 1425 360 quaenam

77 363 251 405 tandem
282 362 353 404 dei
383 363 596 405 sententia
626 368 751 405 esset.
813 362 1007 404 Tandem
1030 377 1132 404 vero
1162 377 1209 404 se
1241 362 1295 403 ad
1325 362 1423 404 illos

78 421 337 473 accessisse,
383 420 458 474 qui
489 425 532 461 et
562 419 644 461 sibi
676 425 719 460 et
751 418 844 461 aliis
875 419 957 461 visi
987 419 1072 460 sint
1101 419 1422 474 sapientissimi,

77 477 161 519 hoc
192 483 257 519 est
287 477 342 518 ad
371 477 488 518 viros
516 476 687 529 civiles,
730 475 785 517 ad
814 482 989 532 poetas,
1032 474 1086 516 ad
1117 476 1317 532 opifices,
1351 492 1423 518 eo—

75 548 254 589 rumque
295 534 546 589 sapientiam
584 533 798 575 institutis
838 548 933 574 cum
969 533 1021 574 iis
1051 533 1320 576 sermonibus
1351 548 1425 574 ex-

75 591 248 646 plorare
280 598 481 632 conatum
512 605 617 632 esse.
660 590 727 631 Ibi
750 605 852 638 vero
873 588 1083 631 accidisse
1108 590 1186 643 510,
1219 595 1268 632 ut
1298 605 1425 645 quam

75 663 186 689 vana
224 654 339 690 esset
376 648 554 689 istorum
591 646 812 688 hominum
857 647 1046 688 omnium
1086 647 1298 702 sapientia
1327 662 1425 702 per·-

77 705 291 759 spexerit,
333 705 408 759 qui
446 719 576 758 quum
617 704 699 745 sibi
740 704 893 745 mirum
925 709 1133 757 quantum
1165 719 1314 759 sapere
1343 704 1424 746 visi

77 762 178 814 sint,
211 767 355 805 tamen
385 775 536 802 revera
554 760 896 816 insipientissimi
913 760 1091 809 suerint3
1123 759 1308 815 ideoque
1329 776 1424 803 sese

76 818 354 871 intellexisse,
386 817 604 872 aliquanto
631 817 850 859 meli-orem
881 832 974 859 esse
1006 832 1127 858 suam
1156 817 1291 873 ipsius
1322 833 1424 860 0011-

76 873 304 928 ditionem,
332 875 405 929 qui
437 889 482 916 se
514 874 595 916 1100
624 890 757 916 111111111
788 875 898 917 scire
929 874 1134 927 senserit,
1168 874 1285 928 quod
1317 874 1423 915 nihil

75 931 218 973 sciret.
276 932 432 986 Itaque
475 930 601 972 deum
641 931 903 987 Delphicum
944 931 1005 972 ait
1041 930 1124 972 sibi
1160 931 1298 973 visum
1329 946 1423 973 esse

74 987 157 1030 hoc
196 988 537 1044 significavisse,
570 988 799 1029 humanam
831 987 1089 1043 sapientiam
1118 1002 1269 1032 revera
1299 988 1423 1030 nihili

73 1045 311 1087 faciendam
351 1061 467 1099 6556,
513 1060 696 1100 611111(1116
739 1046 828 1086 iure
859 1043 1225 1100 sapientissimum
1256 1045 1422 1100 haberi,

73 1102 170 1155 qui,
210 1102 337 1144 sicuti
378 1101 607 1156 Socrates,
650 1118 777 1157 quam
817 1117 867 1144 ea
896 1102 993 1144 vilis
1022 1108 1097 1143 aut
1125 1102 1273 1157 potius
1305 1101 1425 1147 nulla

72 1164 208 1208 esset..
253 1159 362 1201 bene
402 1167 681 1215 perspectum
724 1159 914 1201 haberet.
986 1159 1077 1199 Iam
1119 1173 1221 1201 vero
1253 1175 1306 1200 ex
1339 1160 1424 1200 ista

71 1215 292 1258 hominum
322 1231 434 1257 vana
465 1216 704 1271 sapientiae
745 1217 950 1272 opinione
991 1215 1239 1257 inflatorum
1277 1217 1423 1272 explo-

72 1272 237 1313 ratione
269 1278 399 1327 atque
430 1273 724 1314 confutatione
755 1274 837 1314 sibi
858 1279 1003 1313 narrat
1031 1279 1204 1314 exortas
1236 1288 1333 1314 esse
1366 1274 1423 1315 51-

73 1329 271 1371 multates
300 1335 344 1370 et
373 1329 619 1371 inimicitias
646 1330 775 1385 longe
809 1330 1105 1385 gravissilnas3
1139 1337 1287 1373 natum
1320 1331 1422 1372 item

71 1385 229 1427 exinde
260 1386 319 1427 ait
349 1401 505 1427 nomen
535 1386 743 1441 sapientis
782 1387 993 1428 invidiose
1033 1386 1115 1427 sibi
1152 1387 1420 1433 attributum.

70 1441 366 1483 Nihilominus
399 1449 540 1485 autem
572 1458 664 1484 5656
696 1444 855 1484 fatetur
894 1459 1011 1485 nunc
1054 1459 1225 1498 quoque
1266 1460 1420 1500 perpe-

71 1505 148 1539 tuo
191 1498 236 1539 id
277 1514 432 1555 agere,
474 1508 522 1541 ut
566 1499 635 1541 dei
676 1501 916 1544 sententiae
955 1500 1258 1544 obsecundans
1313 1502 1420 1544 alios

73 1570 182 1596 vana
213 1556 451 1611 sapientiae
482 1557 683 1612 opinione
714 1557 902 1612 repletos
921 1557 1173 1600 inscientiae
1198 1565 1419 1614 coarguat.

70 1610 207 1654 Cuius
237 1613 300 1654 rei
329 1613 534 1668 quoniam
564 1614 723 1656 multos
751 1613 1052 1656 adolescentes
1086 1630 1173 1656 non
1199 1614 1329 1656 modo
1359 1621 1421 1657 te-

69 1674 158 1710 stes
197 1684 248 1711 ac
286 1676 580 1725 spectatores,
632 1686 780 1712 verum
821 1672 949 1713 etiam
990 1671 1228 1713 imitatores
1267 1678 1419 1715 nactus

69 1725 148 1780 sit,
189 1725 290 1768 inde
330 1727 462 1783 vulgo
506 1728 567 1769 ita
606 1728 700 1770 fieri
729 1728 987 1780 arbitratur,
1029 1735 1077 1770 ut
1118 1728 1419 1771 adolescentes

68 1797 94 1823 a
134 1798 179 1825 56
216 1783 346 1839 impie
382 1786 597 1840 corrumpi
639 1784 903 1826 dietitentur.
964 1784 1133 1837 Quodsi
1173 1792 1318 1827 tamen
1350 1802 1415 1828 ca-

68 1839 346 1882 lumniatores
385 1841 458 1882 isti
497 1842 845 1896 interrogentur,
894 1841 1102 1896 quidnam
1141 1842 1317 1883 tandem
1365 1843 1421 1885 sit

70 1895 189 1950 quod
219 1895 374 1938 doceat
405 1896 607 1941 Socrates
641 1904 683 1939 et
714 1914 799 1952 (1110
830 1907 917 1940 tam
952 1899 1112 1941 nefarie
1145 1905 1311 1953 peccet,
1345 1916 1418 1942 605

69 1952 178 1993 nihil
207 1952 325 1997 aliud
354 1954 415 1994 ait
443 1955 635 2010 proferre
667 1955 803 1997 solere
835 1955 917 1997 nisi
937 1956 1114 2012 vulgare
1134 1955 1240 1997 illud
1259 1972 1418 2013 oppro-

69 2008 233 2063 brium,
276 2010 394 2064 quod
425 2011 469 2052 in
499 2028 647 2054 omnes
677 2011 961 2068 philosophos
1000 2013 1155 2054 00111101
1183 2028 1419 2066 consueve-

69 2065 139 2118 rit,
168 2067 353 2108 scrutari
382 2068 523 2123 ipsum
553 2085 622 2110 res
655 2069 867 2111 coelestes
899 2076 1031 2124 atque
1065 2071 1242 2123 inferas,
1276 2070 1417 2113 nullos

68 2121 172 2165 deos
213 2129 426 2179 statuere,
469 2132 512 2167 et
556 2141 754 2169 caussam
795 2127 1062 2182 superiorem
1102 2127 1288 2169 dicendo
1319 2128 1417 2169 red—

70 2179 171 2221 dere
214 2179 457 2223 inferiorem
490 2183 550 2239 (p.
584 2184 651 2225 20.
684 2182 735 2225 C.
766 2209 820 2214 —
853 2185 920 2225 24.
953 2185 1045 2239 A.)
1077 2209 1133 2215 —-
1190 2184 1283 2225 Iam
1314 2199 1416 2226 vero

71 2251 124 2276 ex
162 2236 526 2281 clandestinorum
562 2241 733 2282 illorum
772 2241 1127 2286 calumniatorum
1159 2241 1286 2283 turba
1316 2257 1416 2296 pro-

73 2291 202 2334 diisse
234 2294 339 2335 dicit
369 2297 496 2338 etiam
527 2304 803 2340 accusatores
823 2298 932 2340 istos
951 2298 1163 2354 publicos,
1197 2298 1271 2352 qui
1303 2314 1416 2340 nunc

70 2349 187 2390 litem
220 2351 303 2392 sibi
332 2352 618 2408 intenderint,
650 2355 883 2410 Meletum,
917 2357 1142 2411 Anytum⁷
1174 2353 1414 2409 Lyconem,

72 2412 223 2448 contra
267 2422 378 2460 quos
417 2410 501 2452 sibi
538 2411 728 2456 secundo
769 2413 865 2454 loeo
897 2412 1127 2456 dicendum
1168 2412 1414 2454 arbitratur.

69 2463 240 2505 Recitat
268 2464 401 2520 igitur
432 2466 613 2509 iuratam
645 2469 732 2510 litis
763 2469 990 2511 formulam
1035 2468 1087 2511 ab
1118 2468 1201 2509 illis
1231 2483 1416 2524 concep-

70 2526 158 2561 tam
197 2521 331 2562 hanc:
372 2521 653 2567 Socratem
693 2526 904 2568 iniuste
936 2526 1142 2579 facere,
1188 2525 1332 2579 quod
1363 2532 1416 2567 et

71 2576 466 2621 adolescentes
507 2589 846 2639 corrumpat,
885 2589 936 2625 et
975 2582 1109 2625 deos
1150 2581 1414 2637 publicos

72 2649 179 2675 non
221 2640 439 2678 statuat
481 2637 577 2679 sed
617 2640 728 2681 alia
768 2640 1054 2681 daemonia
1093 2654 1243 2681 nova.
1313 2639 1412 2692 Quo

72 2690 184 2733 {aeto
215 2692 399 2747 priorem
431 2696 719 2739 accusationis
763 2705 928 2752 partein
970 2698 1031 2738 510
1064 2695 1256 2738 refellere
1288 2696 1412 2738 insti-

71 2747 164 2790 tuit.
224 2750 406 2792 Nescire
448 2752 557 2793 enim
600 2753 786 2795 ostendit
828 2754 1000 2801 omnino
1043 2755 1271 2803 Meletum,v
1319 2754 1412 2808 qui-
