1644 3039
121 285 173 324 36

206 167 284 206 144
692 163 1070 207 PLATONIS

204 286 425 339 ᾳίσασθε,
477 280 589 324 ἄλλα
639 286 684 324 τέ
717 300 794 337 μοι
829 282 966 326 πολλὰ
1003 281 1316 338 ξυμβάλλεται,
1365 285 1437 325 καὶ
1473 281 1551 326 οὐκ

209 347 472 393 ἀνέλπιστον
507 367 584 404 μοι
619 352 767 403 γέγονε
804 349 853 393 τὸ
892 349 1072 404 γεγονὸς
1106 351 1254 399 τοῦτο,
1289 348 1404 392 ἀλλὰ
1437 348 1552 394 πολὺ

202 419 374 472 μᾶλλον
410 415 630 471 θαυμάζω
668 420 880 473 ἑκατέρων
913 419 1001 459 τῶν
1025 414 1190 475 ψήφων
1227 414 1306 459 τὸν
1340 415 1553 471 γεγονότα

207 549 308 580 Bodl.
334 548 441 579 Coisl.
470 547 553 579 Ven.
579 547 646 579 Ab.
669 548 748 580 Vat.
781 550 884 580 Yiud.
918 549 951 583 1.
982 549 1015 582 4.
1049 548 1080 582 6.
1112 549 1210 580 Elor.
1235 558 1266 580 a.
1292 548 1325 579 b.
1351 558 1381 579 c.
1407 549 1440 582 d.
1466 558 1495 579 e.
1520 547 1553 578 h.

205 595 285 625 Zitt.
310 595 403 634 Ang.
431 593 512 625 Par.
542 593 712 625 BCDEH.
739 595 851 636 Vulgo
877 601 968 626 erat:

749 646 911 683 tanquam

206 639 257 672 ὅτι
296 651 362 678 μου
406 640 707 680 κατεψηφι’σασθε;

1009 591 1058 625 Τὸ
1094 594 1154 633 μὲν
1182 589 1245 626 οὖν
1269 591 1313 636 μὴ
1340 589 1392 635 ἀγ.
1446 592 1557 625 Verba

954 642 1127 682 glossema
1168 641 1296 672 delevit
1331 639 1556 680 Hirsehig.

207 687 336 718 iniuria
360 687 519 727 quidcm;
550 687 690 726 gravius
725 688 815 719 enim
846 687 996 719 efferunt
1021 688 1116 728 quod
1141 688 1331 718 iudicatum
1356 691 1409 717 est
1441 685 1555 717 verbis

207 731 259 763 ἐπὶ
286 733 331 775 τῷ
355 730 521 774 γεγονότι.

300 824 339 856 Ρ.
365 822 420 857 36.
457 822 496 854 εἰ
518 821 743 865 τριάκοντα
768 822 918 865 μόναι]
952 824 1011 856 Sic
1041 824 1143 856 Bodl.
1167 825 1255 856 Ven.
1279 826 1312 857 b.
1338 825 1420 858 Vat.
1448 824 1556 855 vind.

208 870 240 903 1.
273 870 305 903 6.
330 870 427 900 Flor.
459 880 489 901 a.
517 880 543 901 c..
569 880 602 910 g.

210 919 297 956 τρεῖς
320 913 431 954 μόναι.

211 1008 355 1041 crimine
402 1008 585 1039 damnatus
627 1014 717 1048 erat,
756 1009 852 1040 cuius

215 1064 292 1085 eum
325 1054 475 1085 Meletus
508 1059 742 1087 accusaverat.
791 1055 852 1085 Se-

214 1106 293 1131 cuta
318 1101 409 1131 enim
435 1110 527 1131 nunc
552 1106 603 1131 est
628 1111 723 1131 more
749 1102 852 1132 etin-

214 1147 336 1178 stituto
382 1146 591 1177 iudiciorum
643 1147 852 1186 Atticorum,

216 1193 257 1223 de
285 1202 353 1232 quo
380 1202 412 1222 v.
444 1192 546 1222 etiam
573 1191 659 1222 Cic.
687 1193 728 1223 de
755 1191 852 1223 Orat.

214 1239 242 1269 Ι.
268 1238 337 1276 54.,
364 1247 498 1277 poenae
523 1238 733 1269 aestimatio.
772 1239 854 1269 Ete-

217 1285 287 1315 nim
313 1284 382 1314 duo
408 1283 549 1315 fuerunt
574 1293 771 1315 caussarum
795 1295 854 1325 ge-

217 1341 312 1369 nera,
330 1330 476 1360 alterum
492 1325 661 1370 ἅτίμητον,
689 1332 717 1361 si
741 1341 856 1371 poena

215 1377 352 1417 legibus
378 1382 468 1407 esset
485 1378 683 1415 constituta,
709 1376 856 1408 alterum

218 1419 370 1463 τιμητόν,
397 1423 425 1452 si
453 1423 625 1453 iudicibus
651 1424 856 1462 permissum

217 1474 310 1500 esset
333 1478 484 1508 poenam
516 1469 652 1507 legibus
676 1479 747 1500 non
774 1469 856 1500 defi-

217 1515 325 1546 nitam
350 1519 512 1547 statuere.
557 1515 767 1546 Posterioris
799 1525 856 1555 ge-

217 1561 310 1592 neris
335 1561 394 1590 ubi
413 1567 536 1590 caussa
551 1566 636 1599 erat,
662 1560 728 1591 hoc
751 1562 854 1591 modo

216 1617 270 1638 res
297 1606 539 1647 peragebatur.
592 1605 780 1647 Postquam
801 1617 856 1637 ae-

218 1657 359 1684 cusator
392 1657 425 1682 et
451 1662 529 1683 reus
556 1652 662 1683 verba
689 1653 854 1691 fecerant,

217 1698 350 1729 iudices
375 1698 495 1738 primis
512 1699 693 1729 sententiis
712 1699 853 1729 omnino

218 1745 431 1780 statuebant,
460 1744 664 1774 damnarent
692 1754 787 1775 reum
812 1754 855 1775 au

219 1791 451 1821 absolverent.
499 1789 637 1821 Deinde
652 1790 757 1822 fiebat
773 1800 856 1831 poe-

218 1847 283 1868 nae
308 1835 523 1871 aestimatio,
547 1836 580 1869 h.
607 1847 635 1867 e.
666 1838 857 1877 interroga-

219 1884 321 1914 batur
347 1893 440 1921 rens,
468 1892 570 1922 quam
594 1892 742 1922 poenam
768 1893 859 1913 com-

219 1928 388 1960 meruisse
426 1938 462 1958 se
499 1928 648 1959 maxime
683 1929 860 1967 fateretur,

221 1984 353 2012 eamne,
370 1984 473 2014 quam
490 1979 670 2004 accusator
680 1976 860 2013 voluisset,

221 2031 266 2052 an
303 2020 405 2050 aliam
446 2020 646 2050 iustiorem:
688 2021 725 2051 id
768 2021 862 2061 quod

223 2066 402 2097 dicebatur
444 2064 605 2103 τιμᾶσθαι
642 2066 697 2096 vel
741 2061 859 2096 ἀντιτι-

222 2111 365 2151 μᾶσθαι.
399 2121 430 2142 v.
456 2110 605 2142 Meier.
645 2116 677 2142 et
703 2110 859 2143 Schoe-

223 2168 360 2190 mann.
396 2157 418 2189 1.
445 2168 473 2188 c.
508 2168 540 2197 p.
568 2156 634 2190 724
658 2168 732 2198 sqq.
782 2156 858 2195 Quo

225 2205 318 2236 facto
352 2203 482 2234 iudices
516 2204 676 2234 iterum
702 2204 861 2235 ferebant

226 2250 428 2288 sententias,
454 2259 678 2290 caussamque
700 2250 862 2281 decerne·

225 2297 319 2328 bant.
368 2295 423 2326 De
449 2295 633 2336 generibus
663 2305 862 2327 caussarum

228 2338 393 2383 ἆτιμήτωι·
418 2347 451 2372 et
477 2341 618 2382 τιμητῶν
642 2341 863 2382 disputarunt

228 2388 442 2420 Heraldus
474 2387 576 2419 Obss.
615 2388 660 2418 ad
695 2387 715 2419 Ι.
751 2389 796 2419 Α.
829 2394 862 2419 et

227 2434 270 2465 R.
301 2434 371 2464 ΙΙΙ.
404 2434 434 2467 2.
468 2433 688 2465 Matthiae
712 2434 860 2466 Miscell.

230 2480 406 2520 Philolog.
441 2479 513 2511 Vol.
552 2480 579 2510 I.
618 2490 651 2520 p.
690 2479 757 2514 275
788 2491 861 2522 sqq.

228 2526 381 2557 Meier.
423 2526 465 2556 de
503 2526 604 2557 bonis
643 2526 792 2557 damnat.
828 2537 861 2568 p.

228 2571 297 2605 152
328 2583 403 2613 sqq.
450 2571 602 2603 Meier.
638 2576 672 2603 et
709 2571 863 2604 Schoe-

229 2628 364 2649 mann.
400 2621 481 2649 Att.
525 2620 640 2650 Proc.
682 2629 714 2659 p.
752 2618 863 2652 171—

230 2663 306 2698 193.
336 2682 380 2686 —
428 2662 542 2701 Quum
581 2674 664 2695 vero
703 2664 863 2696 Socrates

229 2710 416 2751 impietatis
450 2710 555 2740 fuerit
585 2715 784 2750 aecusatus,
826 2711 861 2742 id

231 2756 325 2795 quod
340 2756 414 2796 ipse
433 2756 563 2788 indicat
579 2756 714 2789 verbis:
736 2754 779 2797 μὴ
797 2752 861 2788 οὖν

629 871 662 902 11.
690 871 711 902 i.
739 871 819 902 Par.
848 869 970 902 BCDS
1004 881 1080 902 cum
1111 871 1166 903 ed.
1190 871 1272 903 Bas.
1307 871 1338 904 2.
1395 870 1504 911 Vulgo
1529 880 1557 900 ει

920 1003 1058 1048 ἀξιοῦτέ
1081 1018 1119 1046 με
1153 1026 1181 1029 -
1215 1019 1352 1040 τοιαιτα
1378 1007 1447 1039 δεῖν
1473 1006 1560 1049 πρὸς

924 1050 1009 1092 ἰ’,ιιας
1058 1052 1212 1094 πράττειν
1260 1074 1301 1077 -
1349 1049 1560 1094 ἀσεβείας

923 1098 1005 1141 φεύ,
1007 1111 1055 1130 01
1060 1110 1096 1130 τα
1131 1095 1200 1131 ὑπὸ
1227 1098 1386 1141 Alsir'rov
1412 1099 1560 1137 τουτουΐ,

923 1147 1100 1186 quaeritur
1132 1145 1225 1176 haud
1257 1147 1446 1185 immerito,
1479 1157 1560 1177 num

921 1192 982 1222 illa
1007 1192 1181 1223 accusatio
1215 1192 1259 1223 ad
1284 1203 1392 1233 genus
1422 1202 1561 1224 caussa-

922 1248 997 1268 rum
1026 1237 1166 1278 ιιμητῶι-
1190 1239 1412 1278 pertinuerit,
1441 1248 1560 1270 necne.

923 1283 1014 1314 Nam
1041 1283 1143 1314 facile
1179 1285 1257 1324 quis
1289 1285 1483 1324 suspicetur
1508 1295 1562 1316 ca-

922 1330 1005 1371 pitis
1028 1339 1177 1370 poenam
1208 1330 1240 1360 iu
1266 1332 1397 1371 patriae
1421 1331 1563 1371 religio-

923 1376 977 1406 nis
1003 1376 1222 1407 advcrsarios
1243 1376 1364 1416 utique
1380 1377 1488 1408 fuisse
1514 1377 1563 1408 le-

925 1422 1026 1462 gibus
1071 1422 1313 1461 constitutam,
1361 1423 1564 1464 praesertim

926 1478 1031 1508 quum
1056 1468 1172 1508 plures
1187 1468 1336 1499 sciamus
1352 1475 1461 1500 morte
1475 1468 1562 1499 mul-

924 1519 1016 1544 tatos
1043 1524 1134 1550 esse,
1167 1514 1224 1553 qui
1259 1513 1448 1554 impietatis
1478 1514 1563 1545 fuis-

923 1564 1000 1590 sent
1016 1560 1179 1590 accusati.
1220 1559 1345 1590 Verum
1362 1561 1452 1591 enim
1470 1571 1563 1597 vero,

924 1606 1019 1646 quod
1045 1615 1086 1636 ex
1102 1606 1166 1636 hae
1181 1603 1337 1637 Socratis
1360 1607 1564 1638 defensione

924 1652 1101 1690 discimus,
1127 1651 1197 1682 litis
1224 1653 1501 1683 aestimationem
1527 1652 1564 1683 in

925 1707 1048 1728 caussa
1061 1697 1249 1738 impietatis
1264 1698 1375 1729 locum
1390 1698 1564 1738 habuisse,

924 1743 960 1773 id
994 1744 1107 1783 ipsum
1138 1747 1285 1774 testatur
1326 1745 1429 1776 etiam
1466 1745 1563 1775 locus

910 1789 1147 1827 „Demostit
1180 1790 1215 1820 in
1242 1789 1393 1821 Timocr.
1416 1801 1450 1831 p.
1485 1790 1562 1824 702.

927 1836 959 1868 ὃ.
999 1831 1160 1876 ἀσεβείας
1194 1832 1332 1875 -Ιραφῇν
1358 1834 1564 1867 κατασκευαί·

929 1889 992 1912 σας
1015 1880 1064 1912 εἰς
1088 1881 1204 1934 α’)ιῦιοι
1230 1881 1440 1923 κατέστησει.
1468 1881 1504 1914 ἐν
1530 1880 1565 1913 δὲ

930 1924 1038 1969 τούτῳ
1078 1925 1115 1958 τὸ
1163 1927 1310 1965 πέμπτον
1357 1928 1460 1982 μέρος
1501 1929 1565 1959 τῶν

930 1971 1059 2026 ψῇφιυτν
1085 1985 1127 2004 ου
1144 1972 1340 2013 peramisit-31
1357 1969 1450 2015 mcci-e
1462 1975 1566 2015 χιλίας

932 2020 995 2052 κτλ.
1045 2019 1153 2051 Plura
1186 2020 1228 2051 de
1259 2020 1323 2051 hac
1346 2031 1383 2052 re
1409 2021 1564 2062 disputa·

930 2070 1011 2096 runt
1034 2065 1157 2096 Matt.
1186 2066 1208 2098 l.
1229 2076 1258 2096 c.
1283 2066 1470 2098 Meierus
1494 2066 1518 2097 l.
1536 2077 1564 2097 c.

929 2111 1122 2142 Boeckh.
1149 2109 1280 2142 Oecon.
1303 2115 1370 2143 Att.
1387 2113 1415 2146 Ι.
1438 2123 1471 2154 p.
1494 2111 1563 2145 410

929 2167 1005 2197 sqq.
1032 2157 1072 2188 11.
1100 2167 1132 2197 p.
1159 2155 1226 2190 237
1251 2167 1299 2197 sq.

979 2203 1015 2234 1).
1049 2202 1103 2236 36.
1155 2202 1223 2233 καὶ
1275 2199 1352 2234 οὐκ
1401 2199 1565 2234 ἀνέλπι-

931 2245 1031 2279 στόν
1055 2259 1125 2286 μοι
1151 2247 1327 2291 γέγονε]
1360 2249 1392 2280 11.
1419 2260 1448 2281 e.
1477 2260 1566 2281 non

929 2295 1096 2326 accidit
1127 2295 1230 2325 mihi
1266 2302 1442 2335 praeter
1478 2296 1566 2336 opi-

929 2341 1001 2372 nio
1014 2351 1116 2372 nem.
1150 2340 1240 2372 Nam
1256 2339 1357 2375 ἐλπίς,
1373 2340 1514 2382 ἐλπίζειν
1534 2347 1568 2373 et

929 2388 1100 2418 vocabula
1122 2387 1202 2418 inde
1216 2387 1316 2418 ductu
1342 2388 1504 2420 dicuntur
1529 2388 1567 2419 in

930 2440 1112 2474 utramque
1137 2438 1290 2474 partem,
1326 2439 1359 2464 et
1383 2435 1424 2465 de
1449 2444 1510 2475 spe
1534 2440 1569 2464 et

932 2481 974 2511 de
990 2484 1093 2510 metu.
1108 2491 1139 2510 v.
1156 2479 1265 2519 intpp.
1278 2479 1322 2510 ad
1335 2479 1447 2510 Thom
1469 2479 1565 2520 Mag.

957 2525 1066 2558 .‘299.
1088 2536 1164 2566 sqq.
1202 2525 1281 2566 Ipse
1308 2524 1436 2556 Plato
1457 2524 1567 2566 Legg.

933 2574 957 2604 1.
989 2582 1021 2612 p.
1053 2570 1128 2605 644
1161 2571 1206 2602 D.
1249 2568 1336 2610 πρὸς
1372 2569 1407 2602 δὲ
1432 2568 1568 2602 τούτοιν

932 2615 1060 2658 ἀμφοῖι
1086 2611 1131 2648 αὖ
1157 2613 1261 2656 δόξας
1283 2614 1487 2655 μελλόντωι,
1513 2613 1568 2648 οἷν

933 2661 1080 2696 κοινὸν
1105 2660 1353 2701 &mizael-nis.
1396 2663 1567 2695 Animad-

930 2710 1098 2742 vertenda
1115 2713 1168 2740 est
1188 2714 1302 2740 autem
1324 2709 1568 2750 breviloquen-

929 2759 993 2795 tia;
1021 2755 1154 2796 plenius
1181 2755 1273 2786 enim
1291 2755 1357 2786 hoc
1375 2755 1478 2786 modo
1495 2759 1569 2787 erat
