1644 3039
1231 183 1393 225 XLIII

44 300 194 336 rantur
223 294 291 336 vel
321 295 465 360 potius
496 294 744 336 evehantur.
806 294 1071 351 Disputatur
1092 295 1204 337 enim
1234 296 1279 336 in
1308 295 1393 338 illis

42 351 296 407 plerumque
325 352 411 406 sic,
443 357 493 394 ut
523 366 655 407 quum
685 350 738 393 de
768 367 811 392 vl
843 358 887 393 et
916 358 1070 393 natura
1099 352 1282 394 alicuius
1314 353 1392 406 rei,

41 407 177 449 veluti
202 408 532 474 pulcritudinis,
559 408 821 473 rhapsodiae
852 416 895 450 et
911 410 1082 465 poesis,
1104 408 1392 464 fortitudinis,

42 465 379 530 temperantiae,
418 465 617 522 pietatis,
658 464 915 520 disciplinae
956 466 1152 519 virtutis,
1196 467 1393 521 quaestio

41 521 309 575 instituatur,
335 528 480 564 tamen
509 521 616 564 nihil
647 523 752 564 certi
782 522 1033 576 affiimetur,
1055 522 1133 564 sed
1165 523 1392 579 opiniones

41 593 184 620 rerum
223 579 424 644 vulgares
464 594 514 621 ac
553 579 753 622 notiones
783 585 942 621 temere
976 580 1130 621 animis
1162 586 1393 636 susceptae

41 635 181 677 facete
228 635 450 678 rideantur
483 643 526 677 et
556 636 751 692 captiose
782 635 1130 693 redarguantur,
1169 636 1393 693 sophistae

129 838 257 869 litteris
286 838 559 879 consignaverit.
608 837 664 868 Ex
693 847 762 879 quo
789 836 879 869 effici
901 837 986 877 vult,
1002 841 1039 868 ut
1059 838 1191 879 primus
1218 839 1393 881 dialogus,

129 894 232 925 quem
258 883 360 916 Plato
385 884 580 926 scripserit,
607 883 849 927 Parmenides,
881 884 1050 924 postremi
1083 888 1198 916 autem
1232 885 1315 918 libri
1349 887 1392 918 ab

109 940 171 962 ,eo
211 930 337 962 litteris
369 931 583 971 consignati,
620 931 775 971 exceptis
811 930 967 970 Legibus
1002 934 1036 961 et
1068 930 1286 969 Menexeno,
1317 933 1391 964 Eu-

127 976 299 1018 thyphro,
326 977 522 1018 Apologia,
549 976 647 1008 Crito
678 982 711 1008 et
739 977 882 1008 Phaedo
918 976 1025 1007 fuisse
1059 977 1282 1010 existimandi
1309 980 1391 1010 sint.

129 1022 233 1061 Quod
257 1023 358 1055 nobis
384 1024 534 1064 quidem,
560 1024 783 1055 considerato
810 1023 976 1054 librorum
1004 1022 1143 1054 illorum
1169 1030 1389 1065 argumento,

127 1069 276 1101 artificio
303 1075 336 1101 et
360 1070 527 1109 consilio,
554 1071 649 1102 nulla
683 1080 725 1101 ex
757 1073 855 1110 parte
881 1069 1069 1100 verisimile
1096 1070 1245 1104 videtur.
1298 1071 1391 1103 Con-

128 1117 242 1147 stituit
292 1126 377 1147 vero
423 1121 493 1147 tres
532 1121 699 1157 tanquam
741 1115 964 1156 dialogorum
1011 1115 1163 1147 ordines.
1229 1117 1387 1155 Quorum

126 1163 275 1204 primum
291 1163 431 1203 quidem
446 1163 558 1193 voluit
582 1163 644 1194 illa
669 1162 848 1202 complecti
876 1167 1046 1203 tempora,
1071 1163 1195 1202 quibus
1223 1163 1388 1196 Socrates

125 1209 293 1240 adversus
318 1208 443 1240 falsam
474 1209 673 1249 aequalium
706 1208 912 1248 sapientiam
939 1209 1192 1245 decertaverit,·
1216 1210 1261 1241 ad
1287 1221 1388 1252 quem

127 1254 235 1285 refert
259 1254 421 1295 dialogos
455 1256 649 1295 complures
684 1255 733 1285 sic
757 1264 833 1285 sese
859 1254 1092 1295 excipientes:
1129 1254 1388 1297 parmenidem,

125 1298 369 1340 Protagoram,
395 1299 629 1340 Charmidem,
646 1300 846 1339 Lachetem,
864 1299 1044 1341 Gorgiam,
1070 1300 1203 1343 Ionem,
1220 1302 1388 1343 Hippiam

128 1347 308 1386 maiorem,
337 1345 528 1386 Crat-ylum‚
554 1346 823 1387 Euthydemum,
852 1346 1092 1387 Symposinm:
1131 1357 1218 1387 quos
1247 1349 1387 1388 quidem

126 1393 236 1424 libros
263 1393 498 1433 quinquennio
530 1393 623 1424 intra
660 1402 690 1425 a.
719 1392 786 1426 389
813 1397 846 1423 et
869 1392 937 1426 384
961 1403 992 1426 a.
1025 1391 1108 1423 Chr.
1134 1403 1166 1423 n.
1191 1403 1212 1425 a
1238 1393 1386 1426 Platone

125 1439 274 1479 scriptos
300 1448 375 1469 esse
401 1442 528 1469 censet.
578 1439 649 1471 lam
675 1448 757 1470 vero
783 1439 972 1470 secundum
989 1439 1148 1470 ordinem
1163 1440 1239 1470 vult
1267 1451 1388 1473 eorum

124 1489 317 1525 temporum
341 1484 523 1525 periodum
548 1485 747 1523 continere,
775 1484 899 1526 quibus
926 1484 1090 1516 Socrates
1116 1491 1154 1516 ut
1178 1496 1281 1518 verae
1307 1498 1386 1528 ger—

122 1540 316 1572 manaeque
341 1530 535 1571 sapientiae
559 1531 728 1571 magister
753 1531 789 1561 in
818 1531 970 1562 medium
996 1532 1185 1572 prodierit3
1211 1533 1256 1564 ad
1284 1544 1385 1574 quem

121 1577 297 1619 pertinere
322 1577 530 1610 arbitratur:
563 1577 772 1617 Phaedrum,
792 1577 986 1616 Philebum,
1009 1578 1181 1617 Politiam,
1202 1578 1384 1611 Timaeum

124 1628 158 1654 et
183 1623 348 1662 Critiam,
375 1623 524 1664 scriptos
560 1623 640 1655 illos
672 1624 862 1655 secundum
894 1625 1004 1665 ipsius
1039 1625 1271 1656 coniecturam
1306 1636 1385 1667 sep-

122 1670 243 1701 tennio
274 1670 367 1701 intra
404 1679 435 1701 a.
464 1668 533 1703 483
565 1675 599 1700 et
623 1669 691 1703 470
720 1679 750 1701 a.
778 1669 860 1701 Chr.
887 1680 921 1701 n.
972 1670 1135 1711 Denique
1158 1672 1297 1703 tertium
1327 1683 1381 1704 or-

124 1716 241 1747 dinem
279 1726 400 1747 eorum
437 1716 660 1756 dialogorum
693 1716 894 1755 constituit,
924 1717 961 1747 in
994 1717 1120 1758 quibus
1155 1717 1322 1749 Socrates
1355 1719 1384 1750 is

122 1763 320 1802 inducatur,
337 1762 397 1804 qui
420 1763 602 1793 veritatem
629 1763 810 1794 doctrinae
836 1773 919 1794 suae
945 1763 1166 1795 confutandis
1195 1765 1382 1795 contrariis

123 1809 348 1849 opinionibus
374 1808 534 1849 adeoque
558 1812 682 1848 morte,
704 1818 805 1848 quam
831 1818 894 1849 pro
920 1809 1058 1840 ratione
1082 1820 1145 1841 sua
1170 1810 1382 1847 occubuerit,

123 1855 251 1886 certius
283 1854 551 1886 confirmaverit.
601 1854 692 1885 Huic.
719 1864 802 1885 vero
829 1855 1050 1895 dialogorum
1075 1856 1194 1895 generi
1220 1862 1383 1888 accenset

122 1900 324 1939 Menonem‚
342 1900 581 1937 Theaetetum‚
600 1899 803 1941 Sophistam
823 1905 857 1931 et
870 1899 1065 1940 Politicum,
1080 1901 1382 1942 Euthyphronem,

126 1947 346 1988 Apologiam‚
377 1945 556 1978 Critonem
583 1952 616 1976 et
642 1945 878 1986 Phaedonem,
907 1958 993 1988 quos
1019 1952 1120 1988 putat
1143 1953 1223 1988 post
1251 1958 1380 1981 annum

119 1991 190 2026 470
215 2001 246 2026 a.
270 1991 352 2023 Chr.
377 1992 503 2024 litteris
529 1995 755 2034 consignatos
782 2002 869 2031 esse,
897 1993 930 2024 h.
957 2003 986 2024 e.
1012 1994 1094 2025 inde
1119 1995 1160 2025 ab
1188 2004 1229 2025 ea
1253 1999 1379 2033 aetate,

121 2049 190 2080 qua
222 2047 264 2069 ne
299 2037 462 2070 Socrates
494 2039 631 2079 quidem
663 2040 732 2070 iam
762 2046 865 2070 natus
896 2045 988 2082 erat,
1024 2040 1151 2071 nedum
1187 2041 1379 2082 discipulus

122 2085 209 2119 eius,
236 2082 346 2124 Plato,
372 2095 475 2126 quem
500 2095 593 2116 anno
623 2085 760 2116 demum
779 2084 858 2118 429.
887 2096 916 2117 a.
945 2085 1027 2117 Chr.
1054 2096 1087 2119 n.
1115 2087 1225 2119 lucem
1254 2089 1378 2129 adspe-

121 2131 215 2163 xisse
240 2135 371 2162 certum
385 2136 420 2162 et
445 2132 663 2172 exploratum
688 2131 848 2163 habetur.
898 2133 955 2163 Ex
982 2142 1050 2172 quo
1077 2133 1158 2163 item
1185 2134 1379 2166 existimari

119 2180 250 2219 potest,
285 2187 353 2217 quo
384 2178 460 2208 iure
483 2177 695 2209 Munkius
736 2177 948 2215 Phaedrum,
975 2177 1172 2217 Philebum,
1198 2179 1377 2221 Politiam,

117 2222 301 2254 Timaeum
326 2228 359 2255 et
385 2223 529 2255 Critiam
553 2225 646 2255 intra
670 2234 781 2256 annos
806 2223 874 2258 483
900 2229 933 2256 et
957 2224 1026 2258 470
1043 2235 1074 2255 a.
1094 2224 1176 2258 Chr.
1204 2235 1236 2256 n.
1263 2226 1377 2259 editos

123 2269 318 2310 putaverit,
345 2279 413 2310 quo
439 2274 534 2301 certe
560 2275 715 2310 tempore
741 2270 843 2302 Plato
873 2271 1072 2303 nullusdum
1098 2271 1187 2307 fuit,
1214 2275 1251 2301 ut
1276 2272 1378 2305 facile

120 2315 334 2355 intelligatur
371 2316 528 2347 criticum
577 2321 772 2357 temporum
812 2318 968 2349 rationes
1001 2317 1255 2349 incredibiliter
1294 2327 1377 2350 con-

119 2360 325 2392 turbavisse.
371 2361 446 2392 Iam
459 2372 542 2393 vero
561 2362 664 2394 etiam
689 2363 818 2403 scripta
844 2365 1012 2404 quaedam
1028 2363 1212 2394 Platonica
1237 2368 1376 2397 exstare

118 2407 320 2445 arbitratur,
345 2417 433 2448 quae
457 2409 553 2451 cyclo
589 2409 653 2447 illi,
679 2419 779 2450 quem
804 2410 879 2450 ipse
906 2410 1100 2448 constituit,
1127 2409 1268 2440 minime
1294 2420 1376 2442 con-

116 2456 254 2494 gruant,
278 2453 315 2483 in
340 2463 408 2494 quo
433 2463 576 2486 numero
602 2455 724 2486 haberi
751 2456 824 2486 vult
848 2456 1068 2488 Alcibiadem
1092 2455 1135 2494 1.‚
1151 2455 1318 2496 Lysidem
1343 2462 1378 2489 et

119 2499 286 2540 Hippiam
326 2499 516 2539 minorem3
553 2506 730 2541 postrema
767 2507 884 2534 autem
924 2513 1030 2544 opera
1063 2501 1168 2541 cyclis
1201 2502 1273 2533 suis
1305 2513 1375 2535 non

117 2545 285 2586 inscripta
309 2555 384 2576 esse
408 2549 507 2586 putat
532 2546 782 2587 Menexenum,
807 2552 928 2588 utpote
964 2553 1043 2590 post
1067 2557 1098 2578 a.
1124 2546 1201 2581 387.
1229 2548 1372 2588 editum,

116 2595 222 2632 atque
245 2591 360 2632 Leges
387 2592 479 2623 circa
509 2600 539 2622 a·
565 2592 643 2627 367.
680 2604 711 2625 a.
743 2594 825 2626 Chr.
850 2604 884 2625 n.
912 2595 1015 2626 scribi
1041 2597 1191 2633 coeptas,
1241 2594 1372 2627 Verum

118 2638 203 2669 satis
227 2637 313 2669 haee
337 2637 380 2668 de
405 2637 562 2669 consiliis
578 2640 788 2678 criticorum,
806 2640 929 2681 quibus
950 2640 1210 2673 Platonicorum
1227 2650 1370 2681 operum

119 2684 174 2715 vel
210 2684 381 2724 originem
411 2684 466 2715 vel
502 2685 782 2717 coniunctionem
812 2696 853 2718 ac
886 2686 1177 2719 necessitudinem
1200 2687 1370 2729 indagare

118 2734 222 2771 atque
238 2730 477 2762 demonstrare
494 2732 610 2763 conati
631 2737 720 2766 sunt.
770 2732 824 2763 Ex
840 2733 965 2774 quibus
991 2732 1151 2765 omnibus
1176 2733 1245 2765 iam
1270 2743 1369 2775 aper-

117 2780 188 2806 tum
215 2776 293 2809 erit.
322 2776 404 2817 quid
431 2777 465 2807 in
491 2776 555 2808 hac
583 2788 703 2811 caussa
730 2778 896 2811 hactenus
922 2779 1062 2810 omnino
1089 2783 1202 2810 actum
1231 2780 1286 2811 sit.
