1644 3039
247 155 402 196 XXVI

245 283 336 308 csse
369 266 523 307 debeat
555 264 823 305 hominum
856 263 1198 319 singulorum
1231 266 1366 318 vita,
1411 280 1495 318 quo
1539 267 1594 308 ad

245 324 395 364 sumini
429 323 529 364 boni
562 321 700 362 ideam
730 321 1017 375 perveniatur.
1080 320 1130 361 In
1151 321 1272 364 libris
1299 320 1352 362 de
1371 324 1594 378 republica

244 387 387 422 autem
410 379 660 434 explicatur,
686 377 902 432 quomodo
936 392 1098 431 quum
1131 379 1318 434 optnimi
1356 379 1591 422 hominis

250 445 358 477 tuin
408 437 692 491 perfectae
743 434 1004 475 civitatis
1053 435 1161 475 ratio
1210 443 1457 492 comparata
1498 452 1592 479 esse

244 493 421 544 debeat,
485 499 533 533 ut
582 492 671 532 vita
730 490 917 538 humana
968 491 1105 532 omnis
1159 500 1447 547 consequatur
1498 509 1590 536 eam

244 549 547 605 praestantiam
589 556 631 589 et
661 548 890 600 virtutem,
936 562 1044 601 quae
1086 554 1226 589 mente
1259 555 1300 590 et
1329 550 1592 605 cogitatione

242 606 425 647 maxima
456 606 562 662 fingi
595 612 736 658 queat..
798 603 999 657 Denique
1041 605 1082 645 in
1117 605 1318 658 Timaeo,
1366 621 1492 660 quem
1524 623 1591 648 ar—

243 663 433 704 ctissime
467 678 563 704 cum
599 662 720 703 libris
760 660 812 702 de
845 661 1008 715 optima
1038 662 1211 703 civitate
1243 662 1471 704 cohaerere
1501 663 1592 720 ipse

243 720 505 776 significavit
536 719 604 773 ³²),
654 717 941 773 philosophus
985 717 1177 772 disputat
1214 719 1274 760 ita
1313 718 1375 760 de
1415 735 1592 762 rerum

241 783 453 830 natura,
486 782 533 817 ut
562 775 711 816 mnndi
742 775 940 829 opificem
974 775 1181 816 doceatur
1211 776 1252 816 in
1274 775 1346 817 illo
1368 776 1590 818 formando

242 835 483 889 respexisse
524 832 580 873 ad
620 832 837 887 exemplar
874 831 1022 873 mundi
1062 832 1191 888 longe
1231 833 1590 888 perfectissimum

244 891 529 944 omnibusque
560 889 748 930 numeris
782 887 1050 941 absolutum,
1095 889 1323 943 omniaque
1354 889 1414 930 ita
1444 889 1591 946 dispo-

243 947 404 1000 suisse,
448 953 497 987 ut
536 961 664 1000 quam
708 946 869 1000 optima
906 952 949 986 et
988 945 1300 1001 perfectissima
1343 947 1588 988 existerent.

243 1003 366 1056 Quae
399 1005 435 1045 si
465 1019 567 1044 vera
598 1013 721 1055 sunt,
754 1002 878 1042 facile
910 1002 1189 1058 intelligitur,
1232 1003 1408 1057 opinor,
1442 1004 1590 1045 aretis-

243 1061 389 1102 simam
422 1076 513 1102 esse
545 1059 713 1100 illorum
744 1074 919 1114 operum
953 1060 1321 1113 coniunctionem,
1355 1060 1515 1116 quippe
1546 1060 1590 1101 in

242 1118 397 1172 quibus
445 1118 653 1158 doceatur
700 1116 803 1157 boni
852 1115 993 1157 ideam
1037 1131 1129 1157 esse
1180 1117 1292 1157 vitae
1341 1116 1589 1171 ethicae,

242 1174 432 1215 civilis
474 1179 602 1227 atque
642 1171 912 1228 physicae
954 1187 1125 1213 causam
1157 1181 1284 1227 atque
1315 1172 1588 1214 effectricem.

242 1230 385 1283 Quum
428 1238 570 1270 autem
610 1235 733 1270 tauta
771 1229 827 1270 sit
864 1228 1014 1269 horum
1054 1228 1258 1270 librorum
1296 1229 1589 1283 necessitudo,

242 1287 337 1341 quis
381 1302 541 1342 quaeso
582 1285 759 1341 negabit
797 1285 1086 1326 verisimiliter
1127 1301 1228 1327 sane.
1271 1286 1451 1338 confici,
1497 1301 1590 1328 esse

239 1345 335 1385 illos
367 1351 559 1399 tempore
591 1359 677 1384 non
709 1342 889 1383 multum
929 1341 1099 1383 diverso
1132 1342 1284 1384 litteris
1311 1343 1589 1399 consignatos

242 1409 285 1442 et
317 1402 359 1442 in
391 1401 529 1441 lucem
561 1398 771 1441 emissos?
832 1399 988 1452 Neque
1018 1414 1120 1439 vero
1151 1399 1256 1441 haec
1293 1400 1385 1441 sola
1416 1401 1590 1441 fuerunt

240 1458 403 1514 ingenii
434 1462 731 1508 monumenta,
774 1470 884 1509 quae
924 1454 1208 1510 philosophus
1246 1472 1382 1511 usque
1427 1455 1480 1496 ad
1521 1471 1589 1497 se-

241 1515 425 1556 cundam
456 1514 500 1554 in
531 1513 721 1556 Siciliam
762 1512 1072 1568 profectionem
1104 1512 1322 1567 condidit7
1362 1512 1438 1554 sed
1477 1513 1589 1554 intra

240 1572 428 1628 spatium
469 1570 549 1611 hoc
591 1570 762 1611 circiter
799 1569 952 1623 viginti
992 1575 1034 1609 et
1072 1569 1189 1623 quod
1237 1570 1425 1612 excurrit
1453 1585 1588 1611 anno-

240 1644 333 1669 rum
354 1629 480 1669 etiam
503 1626 765 1678 Phaedrum,
800 1625 1076 1681 Symposium
1109 1629 1158 1678 et}
1173 1626 1450 1669 Phaedonem
1481 1627 1587 1669 scri-

240 1686 379 1740 psisse
412 1684 592 1725 videtur.
654 1683 723 1724 De
765 1681 995 1738 Symposio
1041 1681 1083 1723 id
1131 1683 1236 1725 satis
1268 1692 1385 1725 certo
1417 1689 1588 1725 constat

240 1758 292 1782 ex
321 1742 415 1783 loco
453 1757 494 1796 p.
530 1743 619 1782 192.
660 1740 710 1780 E.
743 1754 831 1792 sq.;
873 1738 1149 1779 Phaedonem
1188 1747 1329 1782 autem
1370 1747 1584 1795 putamus,

239 1799 339 1840 licet
368 1814 453 1839 non
485 1797 674 1840 absurda
704 1796 759 1838 sit
789 1811 937 1836 eorum
968 1796 1203 1850 sententia,
1247 1798 1321 1851 qui
1351 1797 1470 1838 illum
1499 1813 1585 1838 non

238 1855 372 1896 multo
412 1861 511 1910 post
542 1853 734 1897 Socratis
774 1852 938 1893 obitum
979 1854 1186 1908 scriptum
1228 1853 1584 1908 i11di0aru11t**¹)‚

240 1911 322 1953 hoc
352 1912 558 1966 temporis
590 1911 730 1964 spatio
763 1909 1064 1964 consignatum
1088 1924 1182 1951 esse
1204 1910 1370 1952 duabus
1404 1926 1455 1952 ex
1485 1925 1585 1952 cau-

239 1969 310 2010 sis.
371 1968 483 2010 Nam
523 1967 704 2022 primuni
746 1965 920 2019 quidem
960 1966 1093 2007 multa
1136 1966 1178 2006 in
1212 1967 1290 2009 hoc
1320 1967 1430 2009 libro
1462 1982 1585 2021 repe-

239 2026 406 2066 riuntur
436 2023 756 2080 Pythagoricae
788 2021 1010 2063 doctrinae
1040 2023 1250 2078 vestigia,
1292 2023 1405 2064 unde
1442 2025 1584 2079 suspi-

239 2083 348 2123 ceris
380 2082 630 2134 Platonem,
673 2094 804 2134 quum
835 2094 928 2120 eum
961 2094 1198 2121 sermonem
1230 2081 1458 2132 scriberet,
1500 2081 1584 2122 iam

239 2139 344 2180 satis
385 2145 631 2180 accuratam
674 2135 877 2177 habuisse
916 2135 1027 2177 illius
1067 2136 1372 2192 cognitionem.
1441 2137 1584 2190 Quam

240 2196 314 2250 qui
345 2201 551 2251 putarunt
590 2195 627 2235 ei
659 2193 742 2234 iam
774 2199 873 2233 ante
905 2191 1097 2235 Socratis
1130 2193 1293 2235 obitum
1323 2194 1583 2249 impertitam

240 2267 335 2294 esse
377 2252 429 2293 ab
480 2251 657 2294 Simmia
706 2255 749 2290 et
786 2247 971 2303 Cebete,
1023 2250 1097 2304 qui
1140 2251 1381 2292 Philolauin
1421 2251 1583 2293 Thebis

239 2308 454 2350 audierint
493 2308 545 2350 de
592 2306 761 2362 placitis
803 2306 1108 2362 Pythagoricis
1148 2306 1439 2364 disputantem
1478 2308 1580 2361 ³⁶⁹³),

241 2371 316 2407 aut
355 2366 408 2407 ab
450 2365 689 2408 Echecrate
728 2363 942 2417 Phliasio,
996 2379 1120 2418 quem
1162 2364 1205 2406 in
1248 2364 1478 2407 Phaedone
1517 2365 1580 2406 lo-

292 2539 306 2555 *
352 2538 390 2568 Ρ.
418 2538 472 2572 17.
499 2537 537 2568 C.
590 2561 595 2568 .
624 2537 677 2570 23.
705 2537 743 2566 Ι).

274 2540 322 2625 “3
349 2585 390 2617 V.
421 2548 583 2615 PraefatziJ
600 2584 642 2614 ad
669 2583 848 2613 Phaedon.
875 2593 907 2624 p.
934 2583 1005 2623 17.‚
1032 2584 1089 2615 ubi
1117 2593 1204 2624 quae
1230 2583 1397 2621 diximus,
1424 2593 1506 2614 cavo
1532 2583 1581 2613 sic

352 2631 526 2671 intelligas
553 2640 591 2660 ac
617 2630 644 2661 si
672 2639 745 2660 eam
771 2629 977 2660 sententiam
1010 2630 1212 2670 probemus:
1247 2634 1327 2660 sunt
1350 2630 1440 2660 enim
1465 2629 1580 2659 omnia

353 2682 473 2709 contra
497 2676 584 2707 alios
610 2676 787 2716 disputata
810 2675 876 2714 sic,
903 2680 940 2706 ut
964 2676 1050 2707 nihil
1076 2676 1269 2707 accuratius
1295 2676 1489 2708 definiatur.

262 2721 331 2763 *··*)
359 2722 396 2753 V.
424 2722 723 2762 Wyt.tenbach.
749 2721 792 2753 ad
824 2721 998 2754 Phaedon.
1026 2732 1057 2763 p.
1084 2721 1136 2756 61.
1166 2721 1202 2752 D.
1233 2721 1271 2752 E.
