1644 3039
149 204 468 249 PLATONIS
502 204 887 248 APOLOGIAM
919 204 1239 249 SOCRATIS.
1326 210 1374 248 19

22 320 253 373 sententia,
286 327 335 361 ut
364 319 568 361 mortales
598 319 864 361 existimaret
895 319 1122 360 veritatem
1142 335 1376 375 numquam

21 376 196 432 plenam
241 383 284 418 et
322 377 535 433 integram
565 376 739 431 assequi
782 391 910 431 posse
942 391 1196 430 omnemque
1229 392 1377 418 eorum

22 433 282 488 sapientiam
312 439 484 489 putaret
512 433 556 473 in
586 448 673 474 uno
705 433 901 474 veritatis
927 433 1254 488 cognoscendae
1285 440 1377 475 stu-

21 489 92 531 dio
133 497 176 531 et
217 490 440 532 conamine
480 490 704 531 contineri.
774 490 890 531 Huic
928 490 1011 545 ipsi
1055 496 1198 531 autem
1229 490 1376 532 studio

20 547 80 587 ita
112 546 283 588 demum
314 547 513 589 satisfieri
544 562 674 601 posse
705 546 929 599 iudicavit,
965 547 1000 588 si
1032 562 1279 589 communes
1310 563 1376 589 re-

20 619 114 644 rum
145 605 373 657 notiones,
415 618 524 658 quae
565 611 712 645 essent
751 619 775 644 a
806 603 910 644 visis
943 614 984 644 et
1017 603 1376 659 adspectabilium

20 675 161 702 rerum
201 666 355 701 natura
393 659 628 713 abductae,
672 659 1002 715 indagarentur,
1049 662 1378 715 exquirerentur

21 724 150 771 atque
194 718 352 759 certius
391 717 684 758 definirentur.
747 716 891 769 Quam
930 733 1019 758 rem
1050 725 1173 759 tanto
1204 719 1376 773 gravio-

19 789 107 815 rem
140 780 346 828 tantoque
377 773 616 830 digniorem
648 774 842 828 sapiente
876 774 1049 826 habuit,
1097 774 1214 828 quod
1247 776 1376 816 etiam

19 845 145 871 verae
196 831 366 873 virtutis
412 831 505 873 laus
553 830 654 872 inde
715 845 927 886 suspensa
989 846 1081 872 esse
1140 831 1374 873 videretur.

17 886 194 928 Etenim
225 887 428 929 virtutem
469 888 535 929 vir
567 888 915 944 sapientissimus
948 888 1197 942 neutiquam
1229 890 1376 944 posuit

18 944 64 985 in
93 959 181 985 una
210 944 375 986 volunt
367 951 460 999 tte
493 943 571 987 sed
601 961 645 986 m
676 960 794 998 vem,
828 945 929 986 boni
962 951 1004 985 et
1036 944 1207 986 honesti
1237 946 1376 986 scien-

18 1001 102 1055 tia,
144 1001 226 1042 hoc
264 1011 352 1054 est,
393 1002 437 1043 in
467 1001 769 1057 philosophiae
802 1001 1106 1056 persuasione,
1140 1017 1267 1056 quam
1298 1018 1375 1044 vo—

17 1057 97 1098 luit
127 1073 272 1099 omnes
304 1059 418 1100 vitae
449 1065 595 1115 partes
626 1066 846 1112 tamquam
871 1074 1021 1115 regere
1054 1064 1184 1113 atque
1214 1060 1374 1115 guber-

16 1129 133 1156 nare.
167 1131 207 1156 v.
238 1115 484 1172 Xenoph.
514 1117 648 1158 Mem.
679 1115 764 1156 ΙΙΙ.
797 1117 845 1169 3,
879 1117 918 1156 ἵ).
950 1115 1034 1157 ΙΙΙ.
1068 1117 1106 1168 6,
1145 1118 1208 1160 17.
1239 1118 1376 1157 0111111-

16 1186 160 1225 noque
199 1171 282 1212 III.
335 1188 370 1214 c.
427 1176 464 1213 (3.
518 1180 562 1214 et
599 1174 640 1215 7.
685 1173 757 1213 W.
799 1175 849 1226 4,
894 1173 1072 1214 1518.
1135 1173 1374 1229 Diogen.

17 1228 400 1270 Laert.11.29
434 1244 529 1284 sqq.
567 1230 648 1271 ubi
688 1230 800 1270 inter
838 1230 921 1270 alia
962 1230 997 1283 ξ.
1040 1232 1106 1271 )1·
1147 1232 1288 1283 εἱεην
1329 1231 1376 1273 «ἐν

17 1283 161 1339 μόνον
200 1283 383 1338 cinea-<321
421 1291 558 1340 εἱιαι,
610 1285 705 1337 τὴν
737 1285 1058 1339 ἐπιστήμη-1
1070 1318 1083 1339 ,
1117 1303 1188 1328 και
1221 1289 1267 1328 ἐν
1296 1288 1373 1340 [ω’-

17 1357 95 1383 νον
134 1339 296 1385 κακόν
338 1340 433 1393 τὴν
476 1343 749 1398 αμαθίαπ.
812 1341 955 1395 Quam
996 1342 1170 1396 quidem
1202 1350 1375 1385 senten-

16 1398 121 1439 tiam
158 1405 332 1440 constat
374 1406 529 1454 postea
570 1400 699 1441 etiam
739 1400 916 1440 Platoni
958 1400 1093 1440 fuisse
1133 1401 1373 1464 probatam,

17 1456 93 1509 qui
124 1469 217 1495 eam
246 1461 390 1496 tamen
412 1456 614 1498 subtilius
635 1457 860 1498 exornavit
883 1456 1166 1511 inprimisque
1196 1473 1248 1498 115
1282 1458 1373 1499 dia-

15 1511 143 1567 logis,
175 1512 220 1552 in
251 1512 407 1576 quibus
438 1512 491 1554 de
521 1513 695 1555 virtutis
728 1512 961 1554 discendae
992 1513 1194 1554 facultate
1227 1514 1374 1570 dispu-

16 1574 148 1621 tatur,
179 1574 230 1610 ut
259 1570 306 1609 111
335 1569 500 1634 Hippia
530 1570 710 1623 minore,
743 1570 785 1610 in
821 1569 1069 1618 Charmide
1098 1570 1142 1611 in
1161 1571 1370 1626 Lachete,

16 1625 62 1666 in
91 1626 309 1679 Menone,
342 1627 385 1666 in
416 1626 565 1683 Euthy
569 1627 733 1683 plnone
765 1633 808 1667 et
837 1627 882 1668 in
912 1627 1180 1683 Protagora,
1216 1629 1374 1670 sunda-

17 1683 150 1724 menti
178 1682 276 1724 loco
309 1684 563 1739 supposuit,
605 1684 665 1725 ita
707 1683 878 1739 quidem
927 1690 976 1724 ut
1007 1684 1099 1725 eius
1131 1700 1212 1740 ope
1244 1687 1372 1727 etiam

18 1739 236 1804 sophistas
289 1755 338 1782 ac
387 1741 502 1782 viros
553 1741 702 1782 civiles
753 1740 907 1782 callide
954 1741 1160 1794 illuserit,
1213 1743 1374 1798 quippe

16 1797 91 1850 qui
121 1812 209 1838 non
239 1797 559 1853 intelligerent,
591 1798 794 1838 viltutem
826 1797 1019 1849 civilem,
1056 1813 1167 1851 quae
1199 1800 1268 1840 101
1300 1816 1373 1841 ex-

15 1860 235 1894 ternarum
273 1868 416 1894 rerum
453 1854 609 1895 notitia
650 1854 718 1895 vel
749 1854 878 1895 meris
909 1853 1185 1908 opinionibus
1216 1857 1374 1898 nitere·—

16 1916 111 1962 tur,
156 1909 274 1951 nullo
315 1909 442 1952 modo
484 1910 630 1952 doceri
683 1925 812 1966 posse
850 1910 1052 1964 (Menon.
1096 1927 1138 1966 p.
1182 1913 1233 1953 87
1276 1929 1372 1968 sqq.

17 1967 71 2006 96
99 1980 193 2020 sqq.
235 1967 369 2008 Prota
347 1982 463 2022 gor.
502 1983 543 2023 p.
577 1969 658 2009 318
690 1968 831 2021 sqq.);
869 1983 999 2008 unam
1036 1967 1240 2010 viitutem
1278 1971 1373 2026 phi-

17 2022 295 2077 losophorum
346 2039 474 2079 posse
534 2024 822 2080 intelligentia
882 2024 1191 2090 comprehendi
1240 2033 1372 2082 atque

17 2078 139 2120 disci.
189 2079 289 2133 Quo
323 2080 498 2145 quidem
530 2081 703 2122 nomine
735 2080 956 2135 Socrates,
988 2087 1037 2122 ut
1068 2081 1149 2124 hoc
1179 2083 1223 2124 111
1255 2091 1371 2126 tran-

17 2136 103 2177 situ
141 2152 405 2192 moneamus,
437 2138 482 2179 in
513 2136 681 2195 G01oia
709 2138 905 2179 Platonis
936 2155 976 2193 p.
1011 2140 1108 2180 521.
1137 2139 1245 2181 adeo
1279 2156 1373 2183 sese

16 2208 149 2234 unum
187 2200 317 2249 atque
360 2195 499 2236 solum
539 2211 682 2237 rerum
732 2195 920 2236 civilium
960 2210 1059 2236 vere
1099 2212 1281 2252 gnarum
1323 2214 1373 2240 ao

17 2249 201 2304 peritum
239 2266 332 2293 esse
371 2252 582 2304 affirmat,
626 2252 793 2294 abiecta
835 2251 1068 2315 aliquando
1117 2254 1370 2297 inscientiae

19 2305 302 2349 simulatione.
371 2308 460 2351 Sed
505 2309 733 2351 redeamus
783 2309 827 2348 in
877 2309 1002 2350 111111.
1071 2309 1372 2354 Intelleximus

17 2362 165 2418 igitur,
197 2378 402 2428 quorsum
430 2366 538 2407 illud
559 2366 751 2409 Socratis
781 2365 1017 2421 negotium,
1051 2367 1125 2420 qui
1146 2367 1371 2411 scientiam

19 2419 293 2474 explorabat,
335 2421 603 2464 inscientiam
643 2423 876 2479 arguebat,
925 2421 1111 2487 denique
1150 2425 1370 2478 pertinue-

17 2476 97 2529 rit,
143 2476 333 2531 quidque
363 2479 446 2534 ipsi
477 2480 608 2521 fuerit
637 2495 687 2521 ea
718 2481 761 2520 in
793 2494 838 2520 re
869 2480 1156 2534 propositum.
1219 2482 1372 2525 Valuit

131 2680 239 2712 Plat.
265 2681 381 2722 Symp.
413 2692 446 2721 p.
482 2680 560 2714 216.
594 2681 665 2718 Αλ.
698 2687 812 2715 tamen
845 2684 926 2714 item
956 2682 1000 2712 ad
1032 2683 1103 2712 veri
1136 2685 1369 2724 cognitionem

129 2728 319 2767 pertinuit,
351 2737 516 2768 quorsum
542 2728 720 2760 verissime
746 2730 779 2760 in
809 2729 911 2769 Apol.
938 2738 971 2768 p.
996 2727 1049 2760 ‘28-
1078 2728 1105 2757 E
1132 2739 1204 2771 sqq.
1236 2738 1369 2771 pertra-

132 2773 235 2804 hitur.
267 2774 357 2804 conf.
383 2773 532 2805 Phaedr.
557 2785 590 2814 p.
616 2772 693 2807 229.
718 2776 757 2806 E.

1025 2830 1048 2855 .)
1082 2829 1099 2848 :ft
