1644 3039
260 191 590 236 APOLOGIA
620 191 942 236 SOCRATIS.
986 192 1034 233 P.
1071 193 1133 233 17.
1173 191 1239 234 St.
1368 193 1421 234 55

75 311 213 366 ὥςπερ
239 314 463 366 μειρακίῳ,
479 310 721 354 πλάττοντι
741 308 898 362 λόγους
921 314 980 359 εὶς
1000 308 1115 364 ὑμᾶς
1135 313 1321 359 εὶςιὲναι.
1347 312 1420 352 καὶ

73 385 223 434 μέντοι
245 380 317 420 καὶ
339 372 506 428 πάνυ,ὦ
527 377 684 433 ἄνδρες
699 375 953 430 Ἀθηναῖοι,
971 379 1102 420 τοῦτο
1124 374 1248 432 ὑμῶν
1267 379 1418 430 δέομαι

74 449 146 489 καὶ
179 448 411 502 παρίεμαι·
444 443 524 488 ἐὰν
555 444 626 488 διὰ
658 447 745 487 τῶν
779 444 927 487 αὐτῶν
952 444 1094 497 λόγων
1121 442 1308 496 ἀκούητέ
1332 460 1419 499 μου

73 512 449 567 ἀπολογουμένου,
470 512 516 555 δι’
543 506 687 567 ὧνπερ
707 511 850 554 εἴωθα
867 515 1002 565 λέγειν
1027 514 1099 554 καὶ
1114 516 1159 554 ἐν
1180 510 1328 566 ἀγορᾷ
1351 513 1421 554 ἐπὶ

74 582 162 623 τῶν
184 581 421 635 τραπεζῶν,
435 585 507 622 ἵνα
526 577 648 634 ὑμῶν
670 583 710 622 οἱ
728 582 885 623 πολλοὶ
898 578 1123 631 ἀκηκόασι,
1144 581 1216 622 καὶ
1235 577 1419 629 ἄλλοθι,

73 647 183 704 μήτε
202 647 453 702 θαυμάζειν
466 647 575 703 μήτε
590 649 805 702 θορυβεῖν
816 644 977 689 τούτου
994 650 1130 689 ἕνεκα.
1147 649 1227 702 ἔχει
1242 643 1327 703 γὰρ
1344 643 1418 689 οὐ·
1449 650 1492 692 D

73 804 175 836 item:
201 800 374 845 μάρτυρας
401 798 428 833 δ’
449 821 493 825 -
519 798 612 841 ὑμῶν
639 798 739 832 τοὺς
764 800 953 833 πολλοὺς
981 801 1176 843 παρέχομαι
1202 802 1419 842 Quamquam

73 849 196 881 ibidem
221 849 381 880 continuo
413 848 584 889 subiungit
611 847 727 878 πολλοὶ
763 842 797 878 δ’
831 843 925 886 ὑμῶν
951 859 982 879 οι
1011 849 1181 880 τοιοῦτοιι
1213 847 1303 879 uude
1336 847 1420 880 llaec

73 895 103 926 in
127 893 228 928 codd.
255 894 320 926 inis
345 899 502 927 correcta
528 892 698 926 videntur.

71 1007 174 1041 Quod
202 1017 394 1048 monemus,
420 1017 489 1049 quo
513 1007 635 1039 melius
661 1007 710 1038 in-

70 1055 258 1096 telligatur.
283 1064 349 1095 qua
371 1055 505 1086 ratione
531 1058 564 1085 et
589 1062 710 1085 caussa

70 1099 195 1134 nitatur
232 1099 284 1132 liic
322 1110 403 1131 usus
447 1099 708 1142 praepositionis

70 1144 129 1180 εἰς.
153 1146 240 1179 Nam
265 1155 444 1188 perperam
459 1146 608 1178 nonnulli
632 1156 708 1178 eam

70 1192 198 1234 opinati
243 1196 322 1224 suut
358 1202 422 1234 pro
458 1203 574 1234 praep.
617 1190 708 1234 πρὸς

72 1239 222 1281 positam
251 1248 339 1270 esse.

117 1285 183 1315 καὶ
209 1282 436 1325 παρίεμαι]
464 1284 504 1314 In
529 1283 606 1315 cod.
627 1283 707 1315 Vin-

71 1331 152 1362 dob.
196 1330 344 1381 quodam
395 1329 606 1370 adscriptum
654 1333 709 1361 est

69 1377 261 1418 glossema:
290 1388 309 1418 η
335 1387 377 1407 ου
404 1375 640 1417 παραιτοῦιιαι.
672 1375 708 1407 ln

70 1423 148 1454 cod.
184 1421 281 1454 Bodl.
314 1422 582 1464 superscriptum
626 1421 708 1463 legi·

69 1473 124 1500 tur
150 1468 389 1508 παραιτοῦμαι
416 1467 500 1499 Plia
513 1477 529 1497 ν
539 1467 706 1499 orinus:

70 1514 255 1555 παρίεσθαι
281 1514 383 1545 τοῦτο
399 1512 497 1544 δοκεῖ
514 1514 576 1545 τοῦ
593 1524 707 1568 παρει-

70 1560 203 1592 τεῖσθαι
227 1557 370 1599 δύναμιν
395 1560 491 1600 ἔχειν.
538 1560 639 1591 τοῦτο
669 1554 706 1591 ἰ’-

68 1609 138 1648 μῶν
177 1607 298 1647 δέομαι
335 1606 392 1637 καὶ
430 1606 606 1649 παρίεμαι.
637 1605 707 1637 Ti-

69 1663 210 1685 maeus
240 1653 358 1685 Gloss.
386 1652 522 1685 Platon.
558 1663 589 1694 p.
621 1650 705 1687 2072

69 1700 253 1742 παρίεμαι·
268 1701 524 1741 παραιτοῦμηιε
545 1697 587 1730 ad
605 1707 706 1739 quem

70 1746 181 1776 locum
214 1744 520 1777 Rnlinkenius:
561 1744 705 1784 „Huius

69 1791 264 1824 rarissimae
287 1791 433 1822 notionis
459 1791 560 1830 ratio,
585 1790 704 1831 inquit,

68 1837 231 1877 nondum,
256 1836 348 1879 quod
375 1836 493 1875 sciam,
521 1837 705 1877 explicata,

69 1882 197 1924 pendet
219 1884 262 1915 ab
284 1883 400 1915 indole
427 1881 627 1914 mediorum.
662 1881 707 1912 Ut

69 1928 141 1967 ἴημι
162 1934 197 1960 et
222 1930 342 1970 ἐφίημι
366 1933 419 1960 est
444 1928 588 1968 mitto,
613 1926 707 1969 ἵεμαι

69 1979 104 2006 et
135 1975 273 2016 ἐφίεμαι
304 1974 418 2007 mitti
457 1973 559 2006 mihi
584 1974 705 2012 volo,

68 2020 100 2051 id
119 2024 172 2052 est
197 2021 346 2062 cupio,
372 2023 490 2062 peto;
511 2020 560 2051 sic
585 2020 706 2061 παρίη-

67 2079 109 2108 μι
132 2065 340 2107 admitto,
376 2068 542 2108 παρίεμαι
571 2065 621 2098 ad
647 2075 707 2097 me

67 2111 247 2145 admitti
278 2114 398 2152 volo.
437 2112 470 2144 id
508 2116 579 2152 est,
613 2121 706 2153 pre-

67 2167 160 2198 cor,
209 2159 468 2201 deprecor.“
527 2158 634 2191 Aliter
663 2163 707 2189 Α-

68 2203 185 2236 atius
201 2205 244 2237 ad
268 2206 365 2238 l'olit
381 2205 405 2237 1
430 2204 477 2238 15.
498 2215 529 2246 p.
547 2203 624 2238 341.
644 2204 704 2282 C.';

68 2250 283 2284 aliteretiam
302 2250 538 2283 Fisclierus
565 2251 609 2283 ad
627 2250 656 2285 Ιι.
683 2251 702 2282 Ι.

113 2294 179 2326 καὶ
228 2298 270 2327 ἐν
321 2296 459 2341 ἀγορα
509 2295 576 2328 ἐπὶ
621 2299 705 2328 τῶν

71 2340 310 2385 τραπεζῶν]
348 2342 456 2374 Verba
482 2342 537 2373 καὶ
561 2344 596 2374 ἒι
619 2342 704 2385 ἆγο-

69 2390 113 2431 ρᾷ
140 2387 198 2417 ἐπὶ
224 2391 289 2419 τῶν
305 2388 481 2428 τραπεζῶι
497 2390 706 2431 respondent

70 2433 239 2473 proximis
271 2434 335 2466 illis
361 2433 416 2463 καὶ
441 2434 581 2466 ἄλλοθι.
632 2435 706 2467 Nec

69 2484 162 2511 recte
196 2480 410 2512 scribebatur
447 2480 502 2510 καὶ
533 2481 566 2511 ἐν
597 2478 706 2526 αγορᾶ

68 2523 135 2555 καὶ
165 2525 218 2556 ἐπὶ
242 2529 307 2557 τῶν
332 2524 525 2568 τραπεζῶν,
560 2528 634 2567 quia
671 2528 706 2559 αἱ

66 2567 236 2612 τράπεζαι
265 2573 300 2604 in
332 2571 408 2604 soro
440 2571 706 2606 fuerunt.1ta-

67 2626 133 2657 que
158 2618 261 2650 verba
279 2617 336 2649 ἑπὶ
350 2629 415 2649 των
435 2617 608 2660 τραπεζῶν
625 2619 705 2650 sub·

68 2662 155 2694 iecta
188 2668 266 2696 sunt
299 2663 534 2705 explicationis
572 2674 706 2703 caussa,

69 2717 132 2740 usu
161 2710 246 2741 satis
273 2710 460 2751 frequenti.
509 2709 616 2742 Plane
646 2721 706 2742 eo-

69 2752 146 2786 dem
182 2755 286 2788 modo
319 2757 352 2788 in
382 2755 514 2797 Hippia
550 2755 627 2789 min.
671 2767 704 2799 p.

71 2797 148 2834 368
174 2800 221 2834 B:
247 2803 282 2835 ἐν
304 2801 416 2846 ἀγορᾷ
443 2801 496 2834 ἐπὶ
520 2804 597 2838 ταῖς
622 2814 704 2847 ‘tgna-

780 1007 911 1046 πιζηις·
945 1008 1000 1039 ubi
1033 1007 1123 1049 quod
1157 1006 1214 1038 ἐπὶ
1250 1016 1326 1039 cum
1357 1004 1418 1037 ‹la-

778 1053 848 1086 tivo
880 1055 1097 1087 coniunctum
1132 1054 1276 1095 legitur,
1313 1062 1416 1094 quum

779 1099 844 1132 lion
872 1102 949 1133 loco
975 1100 1143 1142 genitivus
1170 1105 1326 1141 ponatur,
1356 1108 1418 1130 no—

778 1146 919 1180 tandum
945 1151 998 1179 est
1026 1145 1099 1185 ἐπὶ,
1124 1146 1170 1178 ad
1208 1155 1344 1188 prope
1371 1145 1418 1175 si-

777 1193 952 1234 gnificans,
978 1203 1053 1225 cum
1069 1197 1214 1233 utroque
1230 1201 1312 1223 casn
1334 1200 1418 1222 con-

779 1240 864 1271 strui
896 1241 1019 1272 solere.
1058 1237 1100 1271 cf.
1138 1239 1260 1270 Rost.
1299 1237 1360 1268 Gr.
1385 1235 1415 1276 ξ.

782 1286 854 1319 110.
883 1285 998 1318 adnot.
1023 1283 1054 1317 2.
1081 1295 1112 1326 p.
1139 1284 1216 1319 560.
1233 1282 1288 1317 ed.
1306 1283 1338 1316 7.
1365 1282 1418 1313 ln-

778 1332 980 1372 telliguutur
1004 1334 1120 1362 autem
1155 1340 1323 1363 mensae
1347 1338 1418 1359 nu-

780 1388 810 1409 m
823 1378 1078 1415 illationum,
1101 1387 1191 1418 quae
1212 1377 1312 1408 etiam
1329 1374 1417 1409 alibi,

779 1425 871 1456 velut
895 1423 983 1464 apud
1012 1424 1108 1454 Dem
1123 1423 1291 1456 osthen.
1307 1420 1348 1454 T.
1368 1420 1417 1451 II.

781 1481 812 1512 p.
846 1469 925 1503 470.
967 1480 998 1512 p.
1032 1468 1109 1503 472.
1149 1480 1180 1511 p.
1214 1468 1294 1503 916.
1326 1468 1418 1498 Iso-

779 1520 883 1547 crat.
910 1526 944 1558 p.
971 1515 1049 1549 449.
1072 1527 1104 1556 p.
1120 1516 1199 1549 450.
1224 1527 1257 1557 p.
1274 1512 1343 1548 704
1362 1512 1416 1546 ed.

777 1562 897 1594 Reisk.
937 1562 1139 1603 simpliciter
1175 1562 1211 1592 αἱ
1251 1558 1418 1601 τράπεζαι,

775 1613 958 1647 vocantur3
989 1613 1091 1649 atque
1125 1607 1204 1640 inde
1223 1606 1307 1638 dicti
1336 1608 1415 1636 sunt

775 1654 978 1693 τραπεζῖται
1003 1665 1030 1686 s.
1059 1653 1282 1686 mensarii.
1316 1651 1415 1685 Quo-

774 1701 861 1732 niam
880 1705 997 1732 autem
1015 1700 1057 1732 ad
1082 1701 1156 1732 illas
1182 1708 1320 1732 mensas
1339 1706 1415 1729 ver-

775 1747 938 1778 sabantur
970 1746 1044 1779 fere
1081 1746 1236 1779 homines
1270 1744 1416 1780 nobiles,

776 1793 898 1824 divites
927 1797 961 1824 et
985 1793 1149 1834 opulenti.
1177 1792 1276 1823 facile
1301 1793 1354 1822 est
1373 1788 1416 1820 ad

775 1838 1049 1879 intelligendum,
1065 1848 1124 1870 cur
1142 1837 1305 1869 Socrates
1323 1835 1418 1867 dicat

777 1894 842 1915 sea
861 1884 1048 1917 ltlsliclbUSe
1040 1882 1417 1928 ἶνᾶγορίἱέηὶτῶντοη-

777 1928 881 1968 πεζῶν
897 1930 1046 1962 auditum
1063 1941 1151 1964 esse
1178 1929 1263 1961 Nam
1283 1927 1414 1959 indices

776 1982 955 2008 nouerant
973 1977 1132 2008 homines
1148 1976 1281 2007 infimae
1297 1973 1413 2007 sortis,

821 2034 889 2052 και
922 2019 1104 2064 αλλοθι]
1138 2021 1167 2055 h.
1196 2032 1224 2053 e.
1254 2023 1286 2052 in
1313 2018 1414 2052 olfi-

777 2068 885 2099 cinis
924 2073 966 2100 et
1011 2068 1268 2110 palaestris.
1326 2068 1414 2107 Apte

776 2113 1022 2146 Fischerus
1078 2117 1258 2155 comparat
1321 2112 1414 2144 Ari-

775 2159 1176 2194 stid.Orat.Plat0n.II.
1198 2157 1413 2202 p.223.'r.11

775 2206 828 2240 ed
855 2207 943 2239 leb..
937 2219 943 2225 ·
968 2206 988 2238 δ’
1005 2220 1038 2238 τι
1063 2204 1415 2245 ηλιΐστειἈθηναίων

773 2252 826 2284 ἐπὶ
851 2256 915 2284 τῶν
941 2253 1112 2293 τραπεζῶν
1143 2252 1199 2282 καὶ
1222 2254 1288 2282 τῶν
1313 2251 1415 2293 ἔργα·

773 2300 919 2339 σιηρίωι
944 2299 1125 2340 διελέγετο
1148 2299 1265 2330 Dion
1285 2295 1415 2338 Clu-3-

773 2345 999 2377 sost.0ra1.
1028 2342 1333 2398 11x.9.557.c
1359 2339 1413 2373 ed.

774 2392 930 2424 Motella
961 2392 1039 2432 περί
1063 2402 1099 2422 τε
1126 2391 1189 2430 τὴν
1215 2387 1344 2431 ἀγοράν
1370 2385 1413 2418 τὰ

773 2435 882 2468 πολλα
909 2436 1089 2478 διατρίβων
1114 2436 1170 2468 καὶ
1195 2436 1241 2470 εἷς
1264 2435 1326 2472 τὰς
1346 2445 1412 2464 πα-

775 2484 937 2522 laconiae
980 2482 1087 2520 εἰςιὼι
1126 2483 1181 2513 καὶ
1215 2481 1303 2523 πρὸς
1335 2483 1413 2514 ταῖς

775 2529 956 2570 τραπέζας
1012 2527 1120 2559 >za-93⁹
1106 2528 1259 2570 τ’όιιιειος.
1314 2525 1413 2560 Adde

775 2573 967 2616 Xenoph.
993 2574 1098 2607 Mem.
1123 2575 1211 2612 1‚],
1240 2573 1291 2608 10.

823 2621 862 2652 D.
889 2619 996 2663 μήτε
1027 2619 1273 2662 θορυβεῖν]
1299 2622 1414 2661 θορυ-

773 2669 845 2708 βεῖν
876 2667 999 2698 dicitnr
1041 2666 1083 2698 de
1119 2668 1267 2698 tumultu
1302 2665 1411 2697 omnis

775 2713 925 2754 generis,
949 2718 986 2744 ut
1010 2723 1112 2754 quum
1144 2712 1275 2745 iudices
1300 2713 1412 2754 capita

775 2764 970 2797 conserunt,
989 2762 1023 2790 et
1041 2759 1199 2798 fremunt,
1220 2763 1254 2790 et
1269 2759 1411 2800 loquun-

775 2809 829 2837 tur
860 2805 926 2845 ita,
968 2809 1004 2837 ut
1037 2805 1144 2838 audiri
1176 2805 1297 2847 possit.
1347 2806 1410 2838 Est
