1644 3039
257 127 345 170 XL

258 243 351 295 tis,
381 239 689 291 Critonem,
723 238 1007 295 Gorgiam.
1071 238 1231 280 Vocari
1261 246 1406 281 autem
1435 240 1480 281 hi
1510 239 1601 282 dia—

257 299 345 355 logi
361 298 453 339 iure
474 301 658 352 possunt
679 294 892 338 Socratici
912 295 1028 350 iique
1051 295 1279 337 elenchtici
1300 302 1431 352 atque
1450 296 1597 350 ethici,

347 469 516 507 menides,
537 468 712 509 Cratylus,
738 479 825 510 quos
851 470 1053 500 dialecticos
1079 468 1186 498 libros
1216 469 1429 507 nominavit3
1453 469 1604 510 denique

347 516 407 556 qui
441 515 507 544 visi
539 520 618 546 sunt
658 515 836 547 doctrinae
873 516 1046 547 rationem
1071 513 1232 545 subtilius
1257 514 1431 546 illustrare
1455 524 1495 546 ae
1520 525 1601 547 vere

345 561 537 593 Platonici:
578 561 766 601 Philebus,
804 561 1045 603 Symposium,
1070 560 1218 599 Politia,
1246 560 1430 598 Timaeus,
1459 559 1602 596 Critias.

347 607 444 638 Haec
476 607 585 647 igitur
620 607 684 638 Fr.
719 609 892 650 Astiu53
927 609 986 648 qui
1017 608 1100 638 licet
1131 607 1206 647 ipse
1239 616 1379 647 quoque
1403 607 1512 638 multa
1535 609 1602 639 ele-

346 658 470 694 ganter
511 658 544 684 et
582 654 755 685 subtiliter
794 655 836 685 de
868 665 904 685 re
944 660 1172 685 controversa
1205 652 1456 693 disputaverit,
1488 658 1603 686 tamen

347 701 389 730 de
415 710 549 730 summa
573 710 610 730 re
634 701 727 740 apud
753 701 982 741 paucissimos
1009 700 1113 731 fidem
1138 699 1290 734 invenit.
1319 700 1602 741 quandoquidem

345 746 422 777 fieri
451 756 523 776 non
555 747 669 786 potuit
701 748 782 788 quin
809 748 864 777 vel
900 748 967 778 ista
991 746 1157 777 severitas
1184 749 1218 776 et
1242 745 1406 789 audacia,
1433 756 1501 787 qua
1525 746 1601 777 Pla-

345 797 463 823 tonem
499 796 634 823 tantum
677 802 746 823 non
782 793 863 823 fecit
896 793 1133 829 dimidiatum,
1173 796 1294 832 utpote
1332 793 1466 832 ingenti
1497 798 1597 833 parte

346 839 554 878 scriptorum
572 840 603 868 ei
624 838 729 878 vulgo
757 839 1012 879 adscriptorum
1037 838 1243 869 insolentius
1268 838 1455 878 privatum,
1473 839 1603 869 erroris

347 885 581 925 suspicionem
618 885 710 925 apud
736 885 896 916 homines
922 891 1043 915 cautos
1069 890 1102 915 et
1128 884 1398 924 circumspectos
1424 885 1602 916 excitaret.

348 930 423 962 Nec
453 941 536 962 vero
567 930 678 961 defuit
713 932 771 971 qui
811 932 968 962 Platonis
1004 931 1128 971 opibus
1161 930 1232 961 suis
1270 931 1443 961 violenter
1473 931 1603 971 privati

346 977 581 1018 patrocinium
598 978 800 1017 susciperet.
831 977 969 1008 Prodiit
985 977 1075 1008 enim
1092 985 1173 1007 mox
1188 977 1226 1006 in
1244 977 1394 1007 medium
1421 976 1472 1008 vir
1493 976 1603 1008 sobrii

347 1024 479 1064 pariter
495 1027 599 1063 atque
614 1024 705 1054 acuti
724 1024 845 1054 iudicii
858 1023 880 1054 J
892 1034 912 1054 o
924 1034 938 1054 s
950 1033 994 1064 ep
1008 1023 1083 1053 hus
1100 1023 1123 1052 S
1135 1022 1342 1059 ocherus,
1362 1022 1600 1063 Monacensis,

348 1071 407 1110 qui
446 1070 483 1099 in
516 1067 630 1109 Opere
671 1070 874 1100 doctissimo
919 1075 952 1100 et
986 1069 1137 1100 maxima
1167 1069 1416 1109 perspicuitate
1451 1069 1603 1110 scripto:

345 1115 527 1147 ..Ueber
558 1115 744 1147 Platoris
779 1114 1062 1148 Schriften.*‘
1095 1114 1286 1153 Miiuchen,
1314 1114 1415 1148 1820.
1440 1115 1471 1149 8.
1502 1125 1603 1156 supe-

343 1162 497 1192 rioribus
532 1161 662 1192 eritis-is
696 1162 938 1200 gravissimam
971 1162 1082 1192 movit
1107 1163 1394 1192 controversiam.
1442 1159 1606 1193 Ostendit

344 1208 437 1237 enim
463 1216 630 1247 perquam
657 1208 818 1246 dilucide,
835 1209 870 1238 in
895 1207 1027 1238 iudicio
1052 1207 1094 1238 de
1119 1207 1328 1247 scriptorum
1346 1206 1607 1238 Platonicorum

344 1254 495 1293 origine,
523 1254 658 1291 ordine,
685 1255 906 1292 auctoritate,
933 1258 1013 1284 ante
1038 1254 1155 1283 omnia
1179 1253 1216 1283 id
1241 1262 1317 1284 esse
1352 1253 1543 1293 agendum,
1568 1259 1606 1284 nt

345 1310 421 1330 eum
450 1304 604 1330 veterum
625 1300 838 1340 scriptorum
855 1299 1065 1330 testimoniis
1090 1299 1221 1329 iustum
1245 1299 1394 1340 pretium
1419 1303 1605 1337 statuatur,

342 1352 414 1376 tum
442 1346 545 1376 etiam
572 1347 662 1376 vitae
689 1356 729 1377 ac
753 1351 947 1386 temporum
974 1344 1242 1383 vicissitudines,
1269 1355 1353 1386 quas
1379 1345 1454 1386 ipse
1477 1345 1594 1385 philo·-

344 1391 476 1432 sophus
487 1393 531 1422 sit
540 1397 716 1432 expertus,
731 1392 918 1427 diliccnter
931 1392 1175 1431 respiciantur.
1204 1393 1235 1421 A
1250 1401 1318 1431 qua
1338 1392 1510 1422 sententia
1520 1401 1602 1431 pro-

344 1438 646 1468 fectusnonmodo
663 1437 765 1468 fidem
783 1436 1408 1469 librorumaSchleiermachero
1426 1438 1604 1469 etAstio

344 1485 586 1515 damnatorum
612 1484 715 1514 facile
749 1485 976 1524 sustentavit,
1002 1483 1061 1513 sed
1100 1483 1201 1514 etiam
1234 1482 1462 1523 probabiliter
1486 1483 1606 1514 docuit

344 1536 502 1570 tempora
527 1531 600 1571 ipsa
628 1531 676 1561 ita
700 1530 832 1572 tulisse,
857 1535 895 1560 ut
919 1529 1150 1570 philosophus
1175 1529 1356 1569 paullatim
1373 1534 1408 1560 et
1424 1529 1604 1560 doctrinae

343 1577 517 1607 rationem
553 1580 587 1607 et
612 1586 695 1607 vero
723 1576 827 1607 etiam
852 1576 970 1607 stilum
998 1581 1103 1616 atque
1125 1575 1321 1606 disserendi
1349 1576 1520 1606 rationem
1546 1585 1605 1607 va·

341 1623 460 1654 riaret.
516 1622 641 1662 Itaque
684 1623 824 1653 omnino
863 1622 1003 1662 quidem
1045 1631 1104 1652 eas
1134 1621 1388 1661 dubitationes,
1427 1631 1517 1662 quae
1547 1622 1602 1652 vel

343 1668 751 1699 Schleiermacheri
787 1669 841 1698 vol
876 1668 994 1699 Astii
1029 1668 1165 1698 ratione
1196 1668 1368 1699 excitatae
1401 1672 1536 1706 essent,
1562 1668 1605 1698 de

341 1715 457 1746 medio
473 1715 655 1745 sustulisse
675 1714 881 1745 iudicandus
897 1718 957 1745 est.
1009 1712 1218 1754 Quanquam
1234 1714 1269 1744 in
1294 1723 1364 1744 una
1389 1715 1605 1754 quaestionis

341 1766 440 1802 parte
481 1761 581 1791 iustis
609 1760 764 1792 virorum
791 1760 973 1791 doctorum
1000 1760 1183 1790 desideriis
1209 1770 1279 1791 non
1305 1760 1484 1793 satisfecit.
1532 1758 1603 1790 Ne-

343 1817 409 1848 que
442 1807 532 1837 enim
565 1807 650 1837 satis
683 1807 895 1848 ponderavit
928 1811 1104 1837 momenta
1127 1815 1261 1845 rerum,
1287 1815 1376 1845 qnae
1401 1806 1438 1836 in
1463 1805 1603 1845 scriptis

343 1853 534 1884 Platonicis
560 1858 729 1884 tractatae
755 1859 836 1883 sunt
895 1852 951 1882 Ex
976 1862 1044 1892 quo
1064 1852 1190 1884 evenit.
1214 1857 1250 1882 ut
1275 1862 1386 1893 neque
1411 1852 1454 1882 de
1479 1852 1604 1883 ordine

342 1900 511 1930 librorum
538 1899 800 1929 Platonicorum
833 1908 1083 1938 usquequaque
1116 1899 1199 1929 satis
1226 1903 1325 1929 caute
1357 1903 1538 1937 statueret,
1565 1903 1602 1928 ut

344 1956 449 1986 quum
476 1944 654 1984 Cratylum
682 1955 702 1975 a
737 1945 862 1974 iuvene
890 1943 1038 1974 Platone
1075 1945 1241 1984 seriptum
1266 1954 1343 1975 esse
1368 1944 1520 1983 censuit,
1545 1951 1605 1975 aut

339 1992 461 2023 Ionem
501 1997 534 2021 et
572 1990 735 2030 Hippiam
771 1991 937 2021 maiorem
970 1990 1081 2020 eidem
1107 1989 1268 2021 Platonis
1302 1990 1406 2020 aetati
1433 1990 1604 2029 attribuit,

343 2048 412 2078 qua
440 2037 669 2076 Protagoras.
697 2034 850 2076 Gorgias
875 2040 909 2066 et
931 2035 1144 2066 Theaetetus
1171 2036 1290 2076 scripti
1318 2036 1397 2070 sint,
1424 2045 1536 2076 neque
1561 2035 1604 2066 de

337 2085 417 2116 fi-le.
430 2091 462 2113 et
475 2084 684 2114 amictoritan¹
698 2083 946 2113 nonnullorum
963 2081 1131 2113 librorum
1148 2082 1597 2122 reeteiudicaret,quando-

339 2131 478 2170 quidem
510 2129 712 2159 i'oliticum.
745 2128 958 2168 sophistam,
986 2127 1242 2170 Parmenidem,
1269 2127 1503 2159 Charmidem.
1530 2128 1599 2168 Ly-

340 2177 464 2214 sidem,
495 2181 632 2216 praeter
659 2175 826 2215 opuscula
851 2175 911 2205 illa
936 2174 1098 2213 minora,
1121 2174 1250 2205 dudum
1278 2175 1312 2204 in
1339 2174 1463 2205 malam
1489 2174 1600 2214 suspi-

339 2232 472 2254 cionem
493 2222 726 2262 adducta.p1·o
747 2220 941 2251 subditiciis
960 2230 1035 2251 csse
1050 2220 1230 2251 habendos
1248 2221 1413 2251 audacius
1428 2225 1596 2260 pronunt-

336 2269 432 2300 iavit.
467 2266 640 2304 Quocirca
656 2276 721 2298 nos
736 2267 877 2307 quidem
893 2266 997 2297 etiam
1015 2265 1068 2297 aS
1081 2277 1127 2297 oc
1139 2267 1234 2297 heri
1252 2267 1425 2298 sententia
1442 2271 1599 2297 nostrum

338 2315 506 2345 iudicium
549 2313 799 2354 seiungendum
841 2323 917 2343 esse
959 2314 1171 2352 putavimus.
1221 2313 1411 2344 Censemus
1443 2313 1533 2343 enim
1559 2312 1596 2342 in

336 2361 401 2392 hac
435 2369 557 2391 caussa
590 2359 820 2390 diiudicanda
849 2359 899 2389 ita
934 2368 1010 2389 esse
1042 2359 1273 2398 versandum,
1309 2363 1347 2389 ut
1371 2363 1405 2389 et
1431 2359 1598 2388 librorum

337 2406 604 2438 Platonicorum
637 2410 842 2445 argumenta
875 2409 978 2444 atque
1013 2405 1179 2443 consilia,
1207 2409 1239 2436 et
1276 2404 1477 2445 philosophi
1503 2403 1597 2434 vitae

342 2453 602 2484 vicissitudines
628 2457 732 2492 atque
757 2451 951 2482 studiorum
977 2456 1152 2492 tamquam
1178 2461 1315 2490 cursus,
1343 2456 1377 2481 et
1402 2450 1597 2481 disserendi

340 2501 437 2530 varia
461 2504 753 2539 temperamenta.
781 2502 814 2527 et
839 2506 922 2528 vero
957 2497 1061 2528 etiam
1085 2503 1241 2528 veterum
1267 2497 1476 2537 scriptorum
1500 2497 1596 2527 testi-

336 2546 454 2576 monia
485 2545 527 2575 de
561 2544 658 2575 libris
694 2543 852 2575 Platonis
884 2542 1025 2583 prodita
1057 2543 1161 2574 simul
1192 2553 1294 2583 quam
1325 2542 1595 2583 diligentissime

337 2596 575 2632 respectentur
600 2596 705 2631 atque
729 2589 978 2630 ponderentur.
1027 2587 1105 2626 Qua
1135 2589 1366 2630 persuasione
1392 2588 1485 2620 ducti
1513 2593 1594 2620 aute

335 2636 400 2668 hos
440 2637 512 2668 fere
551 2637 694 2677 triginta
731 2644 842 2666 annos
885 2644 925 2665 ea
958 2635 1082 2666 litteris
1112 2635 1395 2676 perscripsimus,
1432 2643 1522 2675 quae
1555 2634 1592 2664 in

336 2684 515 2723 superiore
541 2682 833 2713 commentatione
856 2690 961 2720 nunc,
985 2682 1106 2722 paucis
1129 2682 1292 2720 mutatis,
1318 2681 1468 2712 fideliter
1493 2689 1591 2720 repe-

334 2729 397 2760 tita
422 2730 657 2770 exposuimus.
706 2727 780 2760 Nec
806 2736 888 2758 vero
907 2730 1035 2760 temere
1051 2728 1099 2759 ita
1115 2728 1278 2759 statuisse
1295 2727 1464 2767 videmur,
1482 2736 1591 2769 quun-
