1644 3039
234 191 315 230 158
752 186 1134 231 PLATONIS

228 306 306 360 ἐγώ
345 308 560 360 δυναίμην
595 310 760 348 ἐκτῖσαι
797 305 1014 349 τοσούτου
1049 304 1267 360 βούλεσθέ
1289 322 1362 361 μοι
1389 307 1584 361 τιμῆσαι.

228 375 328 422 ἴσως
364 371 397 414 δ’
440 369 497 413 ἂν
533 375 747 426 δυναίμην
783 377 945 416 ἐκτῖσαι
979 371 1084 428 ὑμῖν
1105 374 1224 428 μνᾶν
1243 373 1479 429 ἀργυρίου·
1513 389 1585 415 το-

228 438 392 483 σούτου
441 433 522 482 οὖν
568 441 773 494 τιμῶμαι.
850 440 1043 483 Πλάτων
1094 442 1138 482 δὲ
1192 438 1289 491 ὅδε,
1343 433 1373 481 ὦ
1427 437 1586 495 ἄνδρες

225 509 488 559 Ἀθηναῖοι,
534 509 606 548 καὶ
642 508 818 562 Κρίτων
868 511 941 550 καὶ
975 506 1281 562 Κριτόβουλος
1317 509 1390 549 καὶ
1423 505 1585 549 Ἀπολ-

228 575 421 628 λόδωρος
464 572 682 616 κελεύουσί
722 591 772 628 με
820 575 1062 629 τριάκοντα
1117 577 1239 629 μνῶν
1291 573 1584 627 τιμήσασθαι,

229 640 357 684 αὐτοὶ
394 640 434 682 δ’
479 644 753 694 ἐγγυᾶσθαι·
801 643 993 696 τιμώλιιαι
1038 633 1119 683 οὖν
1154 640 1394 684 τοσούτου·
1433 645 1585 695 ἐγγυη-

230 712 302 751 ταὶ
339 706 371 751 (Y
410 705 513 762 ὑμῖν
548 713 726 751 ἔσονται
763 711 842 751 τοῦ
879 708 1092 764 ἀργυρίου
1132 703 1257 751 οὗτοι
1292 707 1517 763 ἀξιόχρεῳ.

334 841 445 902 (Ἧι).
483 840 666 885 XXIX.
701 842 763 885 Οὐ
801 845 968 885 πολλοῦ
1005 842 1035 896 γ’
1079 848 1202 886 ἕνεκα
1228 843 1406 898 χρόνου,
1442 835 1474 883 ὦ
1507 840 1585 884 ἅν-

229 913 324 966 δρες
352 909 606 962 Ἀθηναῖοι,
644 911 784 966 ὄνομα
823 911 931 961 ἕξετε
967 912 1040 952 καὶ
1076 914 1224 954 αὶτίαν
1261 907 1346 953 ὑπὸ
1374 911 1460 952 τῶν
1480 911 1586 964 βου-

318 1041 359 1073 C.
407 1037 698 1085 ἀπεκτόνατε]
752 1042 810 1073 Sic
841 1040 942 1073 Bodl.
986 1041 1073 1073 Ven.
1098 1041 1130 1072 b.
1167 1042 1246 1071 Vat.
1284 1040 1387 1073 Vinrl.
1425 1041 1457 1074 1.
1488 1040 1520 1074 4.
1553 1040 1585 1074 6.
1634 1019 1644 1070 ,³

227 1087 319 1119 Flor.
350 1098 383 1118 a.
412 1099 442 1119 ‹·.
470 1087 502 1120 d.
528 1099 560 1125 ει.
590 1088 620 1120 h.
647 1089 725 1122 Par.
744 1089 790 1120 D.
821 1088 933 1124 Vulgo
961 1093 1031 1119 erat
1057 1083 1323 1128 ἆπεκτονήκατε,
1353 1087 1395 1118 de
1418 1097 1483 1128 qua
1511 1087 1585 1119 for—

228 1144 282 1165 nia
311 1144 339 1163 v.
369 1133 492 1164 Bast.
518 1134 628 1173 Epist.
657 1136 742 1166 Crit.
771 1145 802 1175 p.
829 1133 907 1166 242.
937 1133 989 1164 ml.
1018 1134 1109 1174 Lips.

316 1177 355 1210 εἰ
378 1174 454 1211 οὖν
481 1181 669 1222 περιεμ,]
713 1181 750 1211 V.
776 1181 881 1221 γοῦν,
911 1179 1001 1220 quod
1029 1189 1046 1211 e
1071 1179 1171 1211 Bodl.
1198 1179 1282 1210 Ven.
1310 1179 1341 1208 b.
1376 1178 1456 1209 Vat.
1484 1176 1584 1209 Vind.

226 1226 256 1258 1.
287 1225 318 1259 4.
352 1225 383 1258 6.
423 1225 513 1259 Flor.
549 1225 581 1259 d.
612 1237 644 1269 g.
678 1226 707 1260 h.
742 1226 820 1259 Par.
854 1225 990 1258 l).S.T.
1029 1224 1219 1257 emendavi.

227 1271 410 1304 Bekken

225 1362 361 1404 scripsit
387 1361 665 1401 Fritscliius,
701 1363 751 1394 vir
776 1363 859 1395 ami-

225 1408 394 1447 cissimus,
413 1409 501 1441 Qua
514 1409 669 1440 estion.
685 1408 813 1441 Lucia
829 1419 860 1440 n.

225 1466 256 1493 p.
282 1454 356 1495 64„
391 1457 514 1486 multos
553 1465 630 1486 esse
657 1456 772 1494 locos,
804 1456 860 1496 qui

224 1511 334 1542 noque
375 1501 593 1541 aposiopesin
633 1511 740 1541 neque
779 1503 861 1532 alias

224 1546 414 1579 huiusmodi
440 1551 530 1577 artes
567 1547 596 1578 in
622 1557 659 1578 se
687 1547 861 1588 recipiant.

225 1593 321 1625 Nunc
344 1602 446 1629 vern.
474 1602 575 1633 quum
607 1592 687 1624 haec
712 1592 862 1624 formula

222 1639 348 1679 ubique
374 1635 491 1669 πάθος
515 1638 686 1679 quoddam
723 1638 862 1676 habeat,

221 1684 313 1726 quod
359 1694 459 1716 nemo
500 1693 564 1716 non
604 1684 697 1716 videt
741 1687 860 1717 mirum

222 1735 385 1772 quantum
428 1730 472 1761 illi
509 1730 631 1762 rationi
673 1730 862 1768 adversari,

223 1781 258 1810 et
283 1786 386 1817 quum
414 1786 454 1807 ne
471 1785 570 1807 unum
586 1775 723 1817 quidem
749 1778 861 1809 locum

224 1823 428 1862 investigare
446 1822 624 1863 potuerim,
650 1822 707 1863 qui
725 1823 863 1865 aposio-

224 1869 317 1910 pesin
336 1878 400 1900 non
417 1868 576 1900 facillime
595 1869 767 1909 admittat,
787 1879 861 1901 eam

224 1925 322 1956 quam
352 1915 430 1946 olim
460 1915 638 1955 proposui,
665 1914 761 1947 huius
792 1914 860 1946 for·

225 1961 334 1992 mulae
369 1960 632 2000 explicationem
676 1962 859 1992 etiamnum

224 2006 310 2037 tueri
332 2005 456 2036 licebit.
509 2005 583 2035 Huc
601 2006 748 2046 accedit,
769 2005 860 2047 quod

225 2056 302 2092 post
328 2051 392 2082 νῦν
417 2049 453 2081 δὲ
479 2049 563 2081 baud
595 2062 671 2082 raro
692 2054 788 2092 plena
815 2053 861 2084 in-

222 2098 333 2129 sertur
375 2097 564 2135 sententia,
605 2108 705 2138 quam
754 2099 859 2129 altera

224 2143 348 2175 deinde
391 2143 483 2174 illato
526 2140 588 2183 γὰρ
632 2143 860 2185 subsequitur.

221 2190 352 2220 Verum
377 2193 411 2220 ut
430 2189 577 2220 tollenda
599 2189 642 2220 sit
661 2189 765 2220 omnis
783 2193 862 2230 pont

223 2235 286 2266 νῦν
311 2233 348 2266 δὲ
373 2235 619 2275 interpunctio,
653 2239 765 2266 tamen
792 2235 860 2266 ori-

221 2282 332 2321 ginem
360 2280 516 2312 dictionis
533 2291 587 2319 eo,
613 2291 681 2321 quo
703 2281 860 2321 diximus,

222 2326 325 2358 modo
352 2326 513 2367 explicari
530 2332 704 2368 oportere,
732 2337 859 2358 conce-

221 2372 367 2404 dendum
410 2373 485 2404 erit.
535 2373 589 2405 De
633 2383 670 2404 re
710 2374 785 2413 ipsa
829 2383 858 2406 v.

220 2418 348 2457 Diog.
377 2418 520 2451 baert.
550 2418 588 2450 ll.
613 2418 668 2452 41.
723 2419 858 2450 Dissen-

221 2464 260 2495 tit
285 2463 481 2504 Xenopll.
516 2466 614 2505 Apol.
649 2467 680 2505 ξ.
706 2464 760 2498 23.
811 2465 859 2496 De

218 2520 281 2550 qua
310 2509 538 2551 discrepantia
570 2509 611 2541 ad
643 2510 671 2544 h.
700 2513 718 2542 l.
752 2521 859 2552 expo-

221 2560 361 2587 suerunt
383 2555 619 2588 Forsterus
639 2562 671 2588 et
689 2556 858 2588 Fische-

222 2611 301 2634 τηε.
328 2601 417 2633 conf.
454 2601 550 2634 etiam
577 2601 762 2636 Boeckh.
789 2603 857 2634 Oe-

220 2657 295 2678 con.
323 2648 396 2678 Att.
424 2647 447 2680 l.
475 2659 506 2689 p.
532 2647 609 2681 411.
637 2648 689 2679 ed.
717 2648 744 2679 Ι.

265 2689 389 2724 αὐτοὶ
423 2689 458 2725 δ’
489 2692 754 2735 ἐγγυᾶσθαι]
800 2693 856 2724 Ιη-

218 2738 291 2771 tell.
319 2741 414 2778 φασί,
441 2741 531 2780 quod
549 2741 740 2773 continetur
758 2749 855 2780 prae·

218 2783 350 2815 cedenti
377 2786 480 2816 verbo
508 2783 694 2818 κελεύουσι.
743 2785 853 2819 Quam

1276 1224 1435 1256 Servavit
1471 1228 1583 1256 tamen

941 1360 1099 1403 loquendi
1146 1360 1290 1393 formam
1325 1365 1474 1392 testante
1519 1359 1585 1392 Fi·

942 1419 984 1439 sc
997 1408 1014 1439 Ιι
1028 1418 1044 1439 e
1059 1417 1101 1438 ro
1128 1407 1338 1438 illustrarunt
1359 1407 1386 1439 Η
1402 1411 1583 1439 emster-

941 1455 1036 1486 hus.
1071 1452 1111 1484 ad
1144 1453 1286 1484 Lucian.
1325 1453 1367 1484 T.
1396 1453 1419 1484 1.
1445 1464 1476 1494 p.
1501 1452 1582 1486 492.

942 1500 1076 1531 Valck
1090 1509 1201 1531 enar.
1228 1498 1270 1530 ad
1301 1499 1472 1530 Herodot.
1498 1499 1583 1530 VII.

942 1545 1020 1579 104.
1046 1544 1105 1576 tX.
1131 1546 1164 1579 9.
1204 1545 1270 1576 alii.
1297 1563 1341 1568 --
1389 1545 1582 1586 Etymol.

945 1592 989 1623 Μ.
1031 1586 1234 1633 Έγγυητῆς·
1277 1587 1294 1621 ὁ
1335 1585 1583 1631 ἀναδεχόμενος

943 1636 1049 1678 δίκην.
1077 1640 1126 1669 De
1153 1648 1182 1668 v.
1209 1633 1396 1677 ἀξιόχρεως
1421 1648 1450 1671 v.
1477 1647 1581 1680 supra

943 1694 970 1715 c.
1001 1685 1037 1714 Υ.

990 1729 1072 1770 Cap.
1098 1727 1226 1761 XXlX.
1259 1728 1299 1760 C.
1336 1725 1392 1760 Oti
1418 1729 1584 1760 πολλοῦ

943 1771 972 1817 γ’
998 1774 1122 1806 ἕνεκα
1146 1774 1226 1815 χρ]
1254 1774 1354 1808 Quae
1379 1774 1497 1807 deliine
1525 1786 1581 1807 se·

941 1828 1102 1862 (luuntur,
1129 1831 1167 1852 ea
1194 1820 1296 1852 Plato
1322 1820 1500 1853 Socratem
1530 1822 1579 1853 lo-

942 1873 1057 1899 cutum
1082 1866 1185 1905 facit,
1216 1876 1317 1907 quum
1344 1866 1478 1899 iudices
1504 1876 1579 1899 eum

942 1913 1104 1944 secundis
1137 1913 1315 1944 sententiis
1349 1912 1579 1946 damnassent.

942 1958 1045 1992 Quod
1057 1959 1191 2000 quidem
1205 1958 1580 2001 testeDiog.Lne'rt.

941 2006 989 2037 ΙΙ.
1015 2005 1071 2038 42.
1099 2006 1144 2037 ita
1170 2005 1292 2036 factum
1322 2011 1391 2044 est.
1418 2010 1477 2046 nt,
1505 2005 1579 2046 quia

942 2052 1108 2082 Socrates
1137 2051 1327 2091 superioris
1353 2051 1523 2082 orationis
1544 2051 1580 2082 vi

941 2101 974 2128 el:
998 2097 1157 2127 libertate
1183 2097 1317 2128 animos
1342 2097 1493 2128 iudicum
1509 2107 1579 2128 ma-

941 2153 1094 2183 gnopere
1120 2142 1331 2179 offenderat,
1368 2153 1458 2174 nunc
1483 2147 1579 2174 octo-

940 2189 1037 2229 ginta
1067 2189 1199 2219 iudices
1231 2188 1275 2220 ad
1307 2198 1428 2220 eorum
1461 2193 1578 2230 partes

940 2235 1167 2274 accesserint,
1203 2235 1261 2275 qui
1304 2235 1418 2275 ipsum
1452 2235 1579 2266 conde-

939 2282 1162 2312 mnavissent.
1178 2279 1350 2317 Quocirca
1359 2282 1385 2312 si
1397 2285 1578 2316 verasrmt,

941 2337 1029 2367 quae
1062 2327 1105 2358 ad
1130 2338 1162 2368 p.
1188 2326 1243 2360 36.
1270 2328 1314 2358 A.
1340 2327 1576 2368 exposuimus,

940 2372 1104 2404 Socrates
1150 2373 1300 2413 denique
1337 2383 1358 2404 a
1403 2373 1576 2404 iudicibus

939 2418 1007 2452 360
1033 2419 1281 2450 condemnatus
1307 2425 1376 2458 est,
1406 2419 1474 2452 140
1505 2419 1576 2450 suf-

939 2465 1062 2505 fragiis
1087 2476 1150 2506 pro
1174 2466 1251 2506 ipso
1277 2466 1368 2496 latis.
1414 2465 1576 2496 Ceterum

940 2512 1042 2542 etiam
1082 2512 1118 2542 in
1154 2511 1219 2542 hac
1261 2517 1360 2552 parte
1406 2511 1575 2542 orationis

939 2559 1091 2588 cernitur
1138 2557 1352 2588 admirabilis
1406 2557 1575 2598 quaedam

938 2603 1085 2634 dicentis
1115 2603 1275 2641 libertas,
1316 2604 1511 2634 constantia
1543 2607 1577 2634 et

938 2650 1140 2689 magnitudo
1165 2650 1282 2680 animi.
1308 2653 1345 2679 ut
1370 2649 1492 2680 Cicero
1517 2658 1574 2680 ve-

937 2695 1073 2726 rissime
1098 2695 1303 2726 iudicaverit
1322 2694 1499 2726 Socratem
1525 2695 1575 2726 ita

937 2741 1080 2780 dixisse,
1099 2746 1136 2771 ut
1158 2751 1228 2772 non
1245 2741 1390 2782 supplex
1410 2746 1470 2772 aut
1483 2749 1573 2780 reus,

935 2787 994 2818 sed
1021 2787 1186 2827 magister
1210 2791 1269 2817 aut
1293 2787 1454 2818 dominus
1475 2786 1572 2817 vide-
