1644 3039
190 172 241 209 36
577 160 1065 205 PROLEGOMENA
1099 162 1185 203 Al)

192 283 280 321 fere
312 278 463 319 leviter
495 283 659 317 tantum
692 291 832 332 neque
860 277 986 318 aliter
1014 275 1098 316 nisi
1128 274 1327 330 populari
1358 288 1554 316 sermone

194 335 388 391 attigisse
420 333 604 374 videtur.
665 332 959 386 Quamobrem
1001 347 1080 374 nec
1125 331 1240 387 apud
1280 330 1554 386 Xenophon-

194 400 281 434 tem
312 405 496 445 usquam
529 389 581 431 de
610 389 933 431 immortalitate
964 388 1166 431 subtilius
1208 387 1426 443 disputat,
1472 387 1556 428 nisi

197 449 292 504 quis
334 448 419 489 huc
461 448 618 487 referre
657 447 762 487 velit
800 448 932 488 Mem.
966 446 999 487 I.
1031 450 1079 497 4,
1113 446 1180 497 8.,
1226 445 1300 485 ubi
1342 443 1394 485 de
1426 444 1557 485 animi

197 505 371 546 humani
405 519 502 544 cum
533 510 690 544 natura
721 502 866 544 divina
898 504 1155 557 cognatione
1188 501 1355 557 agitur,
1401 507 1444 541 et
1477 500 1556 542 IV.

199 567 246 615 3,
291 563 353 602 14.
402 575 487 614 quo
529 560 627 601 loco
659 575 711 601 ex
742 560 872 600 animi
911 559 956 600 in
992 573 1149 613 corpus
1181 557 1360 613 imperio
1392 556 1559 613 colligi-

198 627 268 659 tur
308 617 438 659 etiam
477 631 618 657 rerum
658 616 930 658 universitati
972 622 1158 656 mentem
1203 614 1391 655 divinam
1436 628 1560 669 prae-

199 689 321 727 esse,
364 688 474 728 quae
512 680 656 714 tamen
695 681 736 714 et
778 674 872 728 ipsa
922 671 1191 728 populariter
1245 671 1381 726 magis
1434 685 1561 725 quam

201 731 420 773 subtiliter
459 736 561 770 sunt
604 730 813 785 exposita.
882 729 1041 782 Neque
1088 728 1171 769 alia
1209 727 1318 769 ratio
1350 733 1416 768 est
1445 724 1560 782 apud

1627 731 1629 735 ,
1618 412 1629 671 Δις-ῴ-μω.
1623 331 1627 399 ,..-.
1624 311 1625 322 μ
1624 294 1625 297 Α
1623 246 1625 252 .

201 788 429 830 Platonem
466 787 511 827 in
553 785 730 827 Critone
774 802 815 841 p.
848 788 916 827 44.
949 787 1004 827 A.
1037 785 1091 826 B.
1124 791 1166 826 et
1195 800 1237 840 p.
1269 785 1336 825 54.
1368 784 1444 837 B.,
1487 781 1563 824 ubi
1624 814 1629 827 =,

201 845 287 887 etsi
349 843 510 885 homini
560 844 880 899 sapientissimo
934 841 1091 884 certior
1142 840 1195 882 de
1243 840 1563 882 immortalitate
1616 829 1644 883 ,Γ

203 900 431 957 persuasio
471 900 703 952 tribuitur,
743 906 887 940 tamen
937 913 1005 940 res
1047 898 1144 953 ipsa
1184 897 1468 954 popularibus
1511 895 1564 937 de
1624 897 1630 920 ”

205 965 324 1000 statu
371 956 609 997 animorum
643 957 788 997 futuro
823 955 1097 1012 opinionibus
1130 953 1454 996 accommodata
1484 959 1564 994 est.

206 1012 584 1067 Quemadmodum
638 1020 780 1054 autem
823 1012 1028 1055 Socrates
1079 1012 1123 1052 in
1164 1011 1261 1053 loco
1301 1010 1564 1066 Apologiae,

207 1071 262 1113 de
295 1086 381 1124 quo
410 1085 525 1111 nuno
555 1071 696 1126 ipsum
729 1070 894 1125 agitur,
935 1068 1040 1110 nihil
1083 1069 1255 1109 omnino
1296 1068 1403 1109 certi
1435 1066 1488 1107 de
1519 1081 1564 1106 re

209 1127 464 1184 gravissima
496 1126 703 1179 affirmat,
747 1125 825 1168 sed
866 1126 988 1181 ponit
1016 1132 1186 1166 tantum
1217 1124 1269 1166 de
1302 1123 1473 1165 duobus
1505 1122 1566 1163 al-

206 1190 444 1235 terutrum,
487 1189 535 1223 ut
575 1198 688 1224 mors
728 1188 802 1223 aut
845 1197 1013 1223 omnem
1057 1197 1231 1223 sensum
1262 1181 1452 1229 auferat,
1494 1184 1570 1220 aut

209 1241 372 1282 animos
403 1238 458 1280 ad
488 1239 708 1280 meliorem
740 1240 871 1279 vitam
902 1237 1126 1288 traducat3
1170 1238 1231 1278 ita
1263 1237 1392 1278 etiam
1424 1235 1567 1292 Cyrus

209 1298 395 1338 moriens
435 1295 552 1350 apud
598 1295 1028 1351 Xenophontem
1070 1293 1314 1350 Cyropaed.
1354 1293 1484 1335 VIII.
1530 1295 1568 1333 7.

211 1355 248 1409 ξ.
281 1356 306 1395 6
339 1367 462 1406 sqq„
504 1367 630 1407 quem
671 1353 812 1394 locum
847 1350 1050 1393 Cicero
1081 1351 1150 1392 De
1182 1357 1405 1393 senectute
1434 1366 1470 1392 c.
1503 1350 1569 1392 22.

210 1410 369 1452 Latine
403 1409 643 1462 convertit,
687 1409 934 1450 dubitanter
975 1407 1026 1449 de
1058 1407 1208 1449 eadem
1238 1408 1451 1460 loquitur,
1496 1405 1571 1461 qui

211 1468 315 1508 licet
347 1481 399 1507 ex
431 1465 582 1506 divina
611 1465 850 1507 animorum
881 1470 1034 1505 natura
1074 1479 1194 1520 spem
1235 1462 1571 1505 immortalitatis

213 1529 399 1579 repetat,
431 1530 576 1563 tamen
599 1528 790 1563 extrema
816 1521 1010 1563 oratione
1031 1535 1109 1561 sua
1139 1519 1325 1574 denique
1356 1519 1464 1562 haec
1496 1517 1572 1560 ad-

215 1580 302 1621 dit:
363 1577 569 1632 „Quare,
600 1578 764 1632 inquit,
809 1578 845 1620 si
881 1577 987 1619 haec
1017 1577 1078 1618 ita
1107 1583 1231 1628 sunt,
1275 1577 1338 1618 sic
1368 1591 1435 1618 me
1467 1575 1572 1618 coli-

213 1643 330 1689 tote,
363 1643 412 1677 ut
443 1634 590 1685 deum3
633 1636 699 1676 sin
738 1650 824 1676 una
870 1641 935 1676 est
964 1634 1218 1675 interiturus
1264 1633 1431 1675 animus
1474 1647 1573 1675 cum

215 1707 419 1749 corpore,
452 1707 530 1733 vos
561 1705 727 1746 tamen,
760 1691 863 1734 deos
890 1698 1114 1743 verentes,
1158 1690 1230 1745 qui
1260 1689 1373 1732 hanc
1404 1705 1573 1732 omnem

214 1748 553 1805 pulcritudinem
582 1755 760 1790 tuentur
790 1754 833 1789 et
855 1754 1028 1804 regunt,
1061 1747 1309 1789 memoriam
1331 1747 1471 1788 nostri
1501 1746 1572 1801 pie

213 1806 504 1860 inviolateque
535 1805 811 1848 servabitis.‘'·
871 1803 958 1858 Qui
990 1803 1165 1859 quidem
1187 1819 1263 1845 rex
1292 1819 1425 1858 quum
1445 1803 1574 1859 plane

214 1863 270 1904 ad
299 1863 550 1906 Socraticae
570 1862 750 1904 rationis
771 1860 1095 1903 similitudinem
1124 1860 1349 1902 institutus
1369 1860 1439 1913 sit,
1471 1874 1574 1902 con-

216 1934 404 1975 sequens
444 1934 541 1960 esse
585 1918 866 1975 intelligitur,
919 1923 969 1959 ut
1011 1918 1139 1958 etiam
1180 1917 1309 1959 Plato
1350 1915 1574 1960 Socratem

215 1977 261 2017 in
289 1975 509 2031 Apologia
541 1974 594 2016 de
625 1975 943 2016 immortalitate
986 1973 1200 2015 dicentem
1241 1980 1451 2028 quantum
1481 1972 1575 2015 fieri

215 2033 362 2089 potuit
393 2031 448 2072 ad
477 2031 615 2087 ipsam
647 2032 763 2072 vitae
792 2031 1020 2072 veritatem
1049 2030 1306 2071 informasse
1337 2029 1576 2072 existimari

219 2089 394 2131 debean

330 2146 479 2199 Atque
508 2143 615 2186 haec.
645 2143 819 2198 quidem
841 2142 1064 2187 hactenus.
1123 2141 1335 2183 Videmur
1364 2142 1477 2183 enim
1508 2157 1577 2184 sa-

218 2203 276 2244 tis
309 2201 672 2243 demonstravisse
705 2200 930 2243 Socratem
971 2199 1016 2240 in
1061 2199 1282 2255 Apologia
1321 2199 1410 2240 fere
1448 2198 1577 2240 talem

221 2274 317 2301 esse
347 2258 646 2311 informatum,
695 2256 835 2312 qualis
865 2271 1018 2297 revera
1047 2256 1151 2308 fuit,
1193 2262 1242 2297 ut
1273 2255 1399 2297 Plato
1436 2255 1577 2297 neuti-

222 2331 351 2371 quam
388 2315 451 2356 ita
489 2321 683 2356 versatus
725 2328 822 2355 esse
862 2311 1082 2369 putandus
1123 2312 1201 2365 sit,
1244 2318 1293 2353 ut
1331 2327 1409 2354 suo
1440 2312 1578 2368 ipsius

221 2372 396 2429 ingenio
435 2371 665 2427 indulgens
706 2369 880 2412 liberius
929 2369 1006 2411 viri
1060 2369 1248 2423 aliquam
1297 2369 1485 2425 speciem
1534 2375 1579 2410 et

219 2429 453 2485 imaginem
492 2428 736 2481 effinxerit,
787 2441 896 2481 quae
937 2426 1051 2468 vitae
1096 2426 1271 2467 veritati
1319 2425 1461 2467 minus
1510 2440 1578 2466 re·
1633 2461 1635 2465 .

222 2485 466 2541 sponderet.
520 2483 651 2538 Quod
673 2485 709 2527 si
728 2485 789 2525 ita
810 2488 891 2536 est,
911 2489 1066 2539 sponte
1088 2481 1383 2537 consequitur,
1415 2489 1464 2523 ut
1480 2481 1576 2537 phi-
1634 2498 1635 2502 ¹

339 2675 442 2713 „die
496 2671 1046 2707 Unsterhlichkeitslehre
1095 2672 1153 2703 ist
1200 2671 1245 2709 (in
1285 2669 1345 2701 der
1391 2669 1578 2712 apologie)

335 2719 439 2753 eber
465 2718 713 2762 platoniach
739 2719 804 2751 als
829 2716 1134 2751 sokratisch.“
