1644 3039
501 162 736 206 CRITO.
769 162 817 204 P.
851 165 916 205 ΞΑ.
954 160 1017 205 St.
1366 164 1445 202 251

95 282 169 326 ὑπ’
210 280 495 347 ἀνθρώπων·
544 278 623 322 ἐὰν
670 281 714 322 δὲ
752 279 934 340 ἐξέὶθης
970 277 1111 329 οὕτως
1146 281 1333 334 αισχρῶς
1368 278 1448 320 α’ν-

95 349 332 401 ταδικησας
367 365 412 390 τε
448 363 520 390 και
555 345 989 426 dvttucczopt>ynoocg‚
1028 344 1109 397 τὰς
1140 348 1307 389 σαυτοῦ
1344 344 1450 401 ὁμο-

93 419 242 471 λογίας
277 433 321 458 τε
359 433 433 458 και
468 413 698 467 ξυνθήκας
734 413 815 464 τας
850 412 962 470 πρὸς
989 412 1141 468 ἡμᾶς,
1130 412 1339 468 παραβάς
1377 431 1449 455 και

93 481 205 526 κακὰ
242 480 538 538 ἐργασάμενος
575 481 783 532 τούτους,
820 479 897 531 οὓς
935 480 1090 534 ἥκιστα
1132 483 1236 529 ἔδει,
1284 478 1449 523 σαυτόν

93 566 138 592 τε
173 553 245 592 καὶ
283 552 440 608 φίλους
487 551 560 591 καὶ
595 551 787 603 πατρίδα
824 551 896 590 καὶ
932 547 1072 603 ἡμᾶς,
1125 546 1247 602 ἡμεῖς
1289 551 1333 589 τὲ
1378 563 1446 590 σοι

88 618 422 673 χαλεπανοῦμεν
457 617 596 670 ζῶντι,
632 619 703 659 καὶ
739 621 822 658 ἐκεῖ
860 620 901 658 οἱ,
936 614 1137 671 ἡμέτεροι
1172 614 1370 674 ἀδελφοί,
1406 619 1445 657 οἱ

91 690 137 726 ὲν
163 682 320 727 ’Ἅιδου
355 684 509 740 νόμοι,
545 683 625 726 οὐκ
661 682 847 738 εὐμενῶς
884 697 928 726 σε
964 681 1280 735 ὑποδέξονται,
1339 679 1448 725 εἰδό-

91 769 183 802 τες,
226 749 295 794 ὅτι
338 755 413 795 καὶ
457 750 574 806 ἡμᾶς
619 754 892 806 ἐπεχείρησας
929 749 1139 794 ἀπολέσαι
1177 748 1226 792 τὸ
1264 747 1344 792 σὸν
1378 754 1448 804 με’-

91 836 180 872 ρος.
207 816 321 861 ἀλλὰ
357 819 418 875 μή
458 836 503 863 σε
541 822 666 879 πείσῃ
705 819 880 873 Κρίτων
905 826 1048 861 ποιεῖν
1078 815 1105 859 ἃ
1138 820 1243 872 λέγει
1277 819 1449 871 μᾶλλον

91 882 116 936 ἢ
151 883 285 941 ἡμεῖς.

188 950 299 1012 Cap.
337 950 492 996 XVII.
570 952 752 1002 Ταῦτα,
788 945 818 994 ὦ

91 1019 191 1062 ἴσθι
227 1018 297 1062 ὅτι
332 1018 411 1074 ἐγώ
452 1021 561 1063 δοκῶ
596 1018 796 1063 ἀκούειν·
832 1017 970 1075 ὥςπερ
1008 1021 1049 1062 οἱ
1070 1020 1444 1075 κορυβαντιῶντες

857 954 954 1009 ᾳίλε
991 955 1134 1006 ἑταῖρε
1172 952 1361 1007 Κρίτων,
1399 944 1444 993 εὖ

91 1177 283 1213 commate,
318 1178 398 1215 post
427 1172 627 1213 ἐπιτηδείων
657 1172 745 1203 εἶναι
779 1172 1009 1213 interrogandi
1035 1172 1131 1214 signo
1159 1171 1447 1213 distinguebatur,

89 1219 179 1260 quod
207 1224 395 1259 praeeunte
425 1219 685 1250 Buttnianno
713 1219 931 1250 mutavimus.

181 1263 268 1308 Cap.
291 1264 389 1298 XVI.
440 1265 477 1298 B.
527 1263 667 1296 πάντα
693 1268 836 1296 ταῦτα
863 1264 1058 1307 οἷπολογ.]
1092 1263 1192 1296 Bodl.
1219 1262 1308 1296 Tub.
1334 1261 1464 1303 πάντας

89 1314 214 1346 ταῦτα,
262 1312 377 1353 Vulgo
403 1315 477 1343 erat
502 1315 615 1343 ταῦτα
640 1309 763 1343 πάντα.
789 1311 877 1343 cons.
904 1321 934 1353 p.
966 1310 1023 1344 46.
1055 1314 1092 1342 Α.

89 1423 272 1456 Phaedon.
299 1435 330 1466 p.
347 1422 402 1458 98.
419 1421 459 1454 Ε.
507 1422 637 1470 Sensus
665 1428 736 1456 est:

89 1479 229 1510 neque
265 1475 306 1502 tu
334 1478 471 1510 neque
505 1469 619 1511 alius
646 1474 735 1501 tuo-

810 1424 1017 1456 laborare
1051 1423 1219 1461 morbo,
1259 1423 1315 1465 qui
1348 1435 1447 1465 κορυ-

805 1468 1039 1511 βαντιασμός,
1084 1470 1257 1502 morbus
1296 1469 1448 1512 imagi-

88 1524 176 1548 rum
204 1515 488 1548 familiarium
516 1515 631 1547 ullus
654 1516 735 1547 eri—

88 1561 146 1592 tis
197 1565 240 1593 et
287 1560 593 1594 iudicabimini
641 1561 735 1593 feli-

89 1606 262 1645 ciores,
319 1606 565 1646 iustiores,
634 1616 734 1639 san-

88 1653 279 1691 ctiores,
307 1653 341 1684 si
367 1657 409 1684 tu
436 1651 665 1693 effugeris.

133 1695 240 1729 ἀλλὰ
268 1701 342 1730 νῦν
366 1696 455 1740 μὲν]
484 1707 609 1739 quum
638 1698 732 1729 Cri—

87 1744 206 1776 tonis
255 1744 472 1776 voluntati
523 1753 602 1775 non
652 1743 731 1775 ob-

87 1789 427 1831 temperaveris.

132 1833 235 1866 κακὰ
271 1833 583 1892 ἐργασάμενος
632 1833 730 1866 τού-

88 1893 208 1922 τους,
242 1893 314 1917 ους
346 1880 500 1923 ἥκιστα
538 1882 639 1913 ἔδει.
666 1881 728 1923 κ]

87 1927 250 1960 Graviter
286 1927 425 1960 additur
465 1925 631 1965 τούτουις
671 1928 728 1959 ἰη-

87 1973 194 2005 iuria
233 1973 418 2007 affectis
455 1972 575 2013 illis,
623 1984 733 2014 quos

86 2020 255 2051 minime
283 2018 726 2053 decebatiniuriaaf-

86 2064 186 2105 fici,
230 2070 266 2097 ut
304 2075 372 2098 non
416 2069 640 2106 exputemus,
672 2076 733 2098 cur

87 2110 374 2152 Hirschiggius
400 2121 463 2143 suo
490 2111 630 2143 arbitrio
657 2122 734 2153 pro-

86 2165 211 2188 nomen
253 2138 431 2191 deleverit
494 2156 590 2189 Idem
641 2158 732 2200 quod

86 2205 168 2233 ante
194 2201 317 2243 φίλως
343 2203 522 2234 inculcavit
541 2201 638 2244 vove,
665 2204 731 2238 vid.

86 2257 169 2281 ann.
195 2247 236 2278 ad
265 2246 363 2278 buius
389 2252 476 2279 sect.
502 2249 573 2281 init.

131 2294 172 2324 οἱ
205 2293 244 2324 ἐν
267 2291 419 2325 (Ἅιδου
453 2291 608 2335 νόμοι]
636 2295 735 2327 Haec

87 2348 226 2380 quoque
253 2338 281 2370 H
298 2337 477 2378 irscliig.
510 2343 545 2370 ut
570 2349 734 2381 superva-

89 2394 194 2416 cnnea
224 2385 386 2417 eliminari
414 2385 523 2416 iussit.
571 2385 642 2417 Sed
669 2396 734 2419 uon

88 2434 194 2472 egent
221 2431 433 2472 patrOcinio‚
468 2441 555 2471 quae
586 2437 678 2464 certe
705 2433 735 2464 vi

88 2479 124 2508 et
147 2477 318 2518 gravitate
350 2487 563 2518 nequaquam
601 2482 732 2510 carent.

132 2522 216 2563 Cap.
238 2521 356 2555 XVII.
393 2523 430 2554 Ι)
470 2521 542 2553 Su
566 2523 642 2565 ἐγὼ
669 2524 732 2555 δο-

86 2569 138 2597 κῶ
174 2564 256 2610 dm]
310 2568 485 2608 „Scilicet
517 2568 731 2612 Corybantes

86 2611 181 2644 fuere
207 2614 405 2647 sacerdotes
445 2624 587 2655 magnae
613 2615 732 2646 matris

86 2656 189 2690 deum
217 2659 250 2690 in
279 2659 447 2702 Phrygia
480 2660 535 2702 qui
563 2661 731 2692 saltabant

87 2702 152 2735 deo
179 2705 278 2745 pleni.
306 2716 336 2738 v.
361 2707 407 2738 St
423 2707 523 2738 rabo
538 2705 581 2738 X.
601 2717 632 2748 p.
650 2705 726 2740 725.

88 2750 255 2784 Almelov.
307 2751 405 2785 Unde*¹
439 2754 665 2796 κορυβαντιᾶν
698 2758 730 2785 et

806 1526 960 1554 nosus,
994 1520 1160 1555 vocatur,
1202 1525 1307 1556 quum
1348 1525 1448 1547 aures

806 1562 964 1593 videntur
980 1571 1167 1602 personare
1188 1562 1348 1593 tibiarum
1367 1571 1447 1593 can-

804 1611 857 1639 tu:
884 1608 940 1649 qui
968 1607 1110 1638 morbus
1136 1607 1320 1647 putabatur
1345 1608 1448 1649 profi-

806 1653 888 1684 cisci
915 1664 931 1684 a
960 1653 1222 1693 Corybantibus.
1250 1664 1279 1687 v,
1306 1653 1447 1685 Scali—

801 1709 890 1736 ger.
917 1698 958 1729 ad
987 1697 1111 1730 Catull.
1142 1697 1258 1730 XLII.
1285 1698 1318 1732 8.
1345 1704 1379 1731 et
1404 1699 1445 1731 ad

803 1744 928 1776 Euseb.
954 1754 985 1785 p.
1011 1743 1066 1778 27.
1095 1755 1122 1777 s,
1151 1747 1185 1775 et
1215 1745 1445 1787 Langbae·

801 1790 900 1823 nius
928 1790 969 1821 ad
995 1790 1142 1832 Longiu.
1170 1801 1202 1832 p.
1221 1792 1301 1826 209.
1330 1790 1450 1823 'rous‘

800 1836 1061 1868 Fischerus.
1109 1836 1332 1880 Scaligeri
1371 1848 1450 1869 sen-

801 1883 941 1914 renuam
1017 1882 1172 1923 pluribus
1238 1884 1451 1916 confirmavit

805 1930 989 1963 Salmas,
1019 1928 1182 1962 Exercitt.
1210 1929 1296 1963 Plin.
1322 1940 1353 1971 p.
1372 1929 1448 1964 764.

807 1973 1013 2006 Conferatur
1029 1974 1130 2006 etiarn
1160 1975 1420 2008 Ruhnkeniu
1435 1987 1450 2007 s

806 2021 847 2051 ad
883 2020 972 2054 Tim.
1004 2031 1037 2062 p.
1065 2020 1141 2054 163.
1191 2020 1450 2063 Explicabimus

806 2066 848 2098 de
872 2065 921 2098 bis
947 2068 1143 2098 accuratius
1168 2066 1208 2097 ad
1232 2067 1362 2109 Legum
1391 2069 1447 2100 lib.

804 2112 882 2144 Vll.
910 2125 942 2155 p.
964 2113 1040 2147 790.
1064 2112 1102 2142 l).
1152 2112 1249 2144 Nunc
1276 2114 1450 2145 monuisse

804 2159 890 2190 satis
923 2160 986 2191 erit
1021 2159 1224 2190 senteutiam
1257 2158 1355 2191 buius
1383 2160 1448 2191 loei

804 2216 881 2236 esse
930 2203 1029 2238 hanc:
1086 2205 1444 2244 quemadmodum

804 2252 875 2291 qui
902 2250 1176 2291 Corybantio
1205 2251 1355 2283 surore
1382 2261 1445 2283 re-

805 2297 916 2338 pleti
951 2301 1070 2333 sunt,
1098 2296 1182 2326 sibi
1224 2306 1359 2338 usque
1392 2297 1446 2328 vi-

805 2342 965 2374 dentur
982 2352 1114 2373 sonos
1140 2342 1344 2374 tibiarum
1371 2354 1390 2375 a
1407 2353 1445 2375 u-

805 2387 912 2425 dire,
941 2387 1129 2420 etiamsi
1158 2398 1232 2420 eae
1259 2389 1443 2420 uoniam

804 2439 964 2466 canant
991 2433 1196 2475 ampliuS,
1224 2434 1288 2466 ita
1315 2435 1443 2467 etiam

804 2490 884 2521 ego
916 2479 1066 2511 videor
1105 2478 1260 2520 Legum
1297 2490 1442 2513 vocem

801 2524 1013 2557 exaudire
1061 2524 1141 2564 sic,
1186 2529 1228 2556 ut
1275 2536 1321 2557 ca
1362 2536 1441 2558 una

801 2575 927 2602 totus
954 2572 1159 2612 repletus
1185 2572 1261 2603 sim
1297 2581 1442 2613 neque

801 2616 969 2658 possim
1010 2617 1126 2648 alias
1165 2617 1316 2649 audire
1348 2628 1441 2649 ora-

801 2663 965 2701 tiones,
992 2665 1150 2704 utpote
1176 2663 1346 2694 abillis
1372 2663 1440 2696 mi-

801 2708 936 2740 rifice
970 2712 1222 2742 commotus.
1272 2708 1359 2741 Sunt
1383 2720 1440 2741 au-

801 2758 869 2786 tem
898 2754 980 2785 ista:
1006 2752 1116 2797 ὥςπερ
1143 2756 1175 2786 οἱ
1200 2756 1382 2798 κορυβαντ,
1398 2773 1438 2778 —

1483 881 1520 922 l)
