1644 3039
220 178 538 222 PLATOMS
572 178 955 224 APOLQGIAM
989 178 1306 221 SOCRATIs.
1412 183 1434 220 ξ)

87 294 203 335 bitur
232 308 326 335 esse
358 292 589 346 eiusmodi,
622 298 670 333 ut
702 292 897 334 Platonis
927 292 1100 349 ingenio
1132 298 1258 346 atque
1291 291 1432 332 auimo

86 349 385 406 dignissimum
429 351 593 392 censeri
633 349 810 402 debeat,
856 350 1016 404 quippe
1048 349 1121 403 qui
1152 348 1233 390 hac
1264 348 1431 390 ratione

84 423 170 448 non
221 407 350 449 modo
395 407 565 462 pictatis
612 421 715 448 suae
762 412 1084 448 monumentum
1137 406 1333 461 posuerit
1376 404 1432 445 ad

83 479 251 505 omnem
291 464 586 520 posteritatem
634 462 908 515 duraturum,
963 478 1111 504 verum
1159 462 1286 503 etiam
1338 477 1431 502 eam

82 521 277 575 magistri
317 521 504 576 speciem
544 525 587 562 et
615 519 846 574 imaginem
877 519 1157 561 delineaverit
1196 525 1325 573 atquc
1357 518 1431 559 dc-

82 578 319 633 scripserit,
352 577 465 619 unde
495 577 641 632 quales
671 577 785 617 illius
817 592 956 617 mores
989 583 1031 618 et
1062 576 1187 631 quale
1207 575 1430 631 ingenium

81 634 265 676 fuissent
306 641 349 676 et
387 649 597 689 quaenam
636 633 727 674 viro
760 633 1080 689 sapientissimo
1113 648 1209 674 cum
1240 632 1430 687 aequali-

81 690 163 732 bus
195 691 285 733 suis
316 690 590 733 necessitudo
621 690 953 751 intercessisset,
986 690 1039 732 ab
1072 690 1270 732 omnibus
1302 704 1430 744 quam

80 747 314 789 clarissime
342 747 671 804 perspiceretur.

192 825 280 869 Sed
326 841 458 881 quum
497 826 609 868 hanc
647 825 869 867 institutae
920 826 1167 881 scriptionis
1216 825 1428 866 rationem

79 887 210 937 atque
241 883 324 925 hoc
354 883 468 925 illius
499 882 723 925 consilium
765 883 896 924 fuisse
935 899 1013 938 pro
1056 889 1173 925 certo
1206 889 1248 923 et
1278 882 1427 936 explo-

79 947 173 981 rato
203 939 352 981 haberi
385 955 524 995 posse
555 939 772 990 videatur3
812 948 954 981 tamen
986 940 1187 993 quoniam
1232 955 1300 980 res
1340 955 1428 979 non

79 1011 247 1052 semper
286 997 390 1039 satis
429 1003 657 1054 perspecta
699 1003 828 1051 atquc
869 1012 1006 1052 nuper
1049 997 1178 1038 etiam
1209 1011 1234 1038 a
1266 995 1427 1037 criticis

77 1053 336 1108 quibusdam
367 1055 410 1095 in
442 1054 778 1096 controversiam
808 1061 964 1095 vocata
995 1059 1080 1101 est,
1113 1053 1300 1106 iuvabit,
1332 1053 1427 1107 opi-

78 1125 171 1163 nor,
204 1109 257 1152 de
286 1110 383 1153 libri
410 1110 556 1153 indole
587 1117 630 1152 et
655 1117 908 1167 argumento
941 1110 1022 1152 hoc
1053 1110 1148 1154 loco
1179 1110 1425 1151 accuratius

76 1167 223 1221 paullo
255 1166 490 1223 disputare,
524 1167 559 1209 si
592 1169 700 1209 forte
732 1167 824 1208 fieri
855 1168 1010 1224 possit,
1042 1174 1088 1208 ut
1109 1167 1260 1207 harum
1283 1182 1425 1207 rerum

75 1222 377 1277 disquisitione
408 1223 571 1278 aliquid
602 1224 656 1265 ad
686 1224 921 1280 pleniorem
961 1224 1052 1265 eius
1096 1223 1425 1279 intelligentiam

75 1280 340 1335 proficiatur.
400 1281 556 1335 Itaque
587 1281 771 1337 primum
803 1281 976 1335 quidem
1008 1281 1104 1321 libri
1125 1287 1426 1335 argumentum

75 1337 119 1378 in
155 1337 282 1379 breve
314 1344 578 1380 contractum
610 1339 870 1392 referemus,
915 1353 1000 1392 quo
1033 1352 1169 1379 nexus
1201 1344 1243 1378 et.
1274 1350 1426 1378 consc-

75 1394 190 1435 cutio
231 1395 538 1436 sententiarum
574 1394 644 1436 hie
681 1401 725 1436 ct
770 1395 857 1436 illic
897 1394 1042 1449 paullo
1082 1393 1345 1435 reconditior
1383 1400 1426 1435 ct

73 1449 312 1492 abstrusior
354 1451 524 1493 facilius
570 1450 937 1492 animadvertatur
974 1451 1220 1505 certiusque
1261 1465 1424 1503 cof-rno-

73 1513 230 1548 scatur.
299 1507 470 1550 Deinde
507 1508 700 1564 singulas
740 1508 832 1549 eius
873 1515 1019 1564 partes
1071 1508 1132 1548 ita
1187 1505 1423 1549 dilucidare

71 1564 346 1619 conabimur,
386 1571 435 1606 ut
459 1570 670 1620 quatenus
712 1564 767 1606 ad
800 1563 992 1607 Socratis
1026 1564 1256 1617 imaginem
1289 1564 1423 1605 collu-

70 1620 288 1662 strandam
329 1630 404 1663 aut
443 1621 497 1663 ad
536 1622 672 1677 ipsius
717 1622 914 1664 Platonis
946 1620 1163 1663 scribendi
1194 1622 1423 1663 consilium

69 1678 416 1733 patefaciendum
445 1679 633 1732 valeant,
665 1678 817 1721 ordine
851 1678 1057 1734 deinceps
1089 1678 1421 1720 demonstretur.

69 1735 181 1775 Tum
209 1750 312 1777 vero
343 1736 533 1778 breviter
572 1751 848 1790 quaeremus,
882 1751 1067 1790 quanam
1100 1736 1285 1791 scriptor
1316 1747 1421 1777 usus

70 1791 127 1832 sit
154 1791 198 1832 in
229 1799 481 1848 argumento
512 1792 742 1834 tractando
781 1799 871 1833 arte
904 1800 947 1833 et
976 1793 1156 1834 ratione.
1218 1792 1419 1846 Deniun

67 1847 172 1902 quid
204 1848 257 1889 de
285 1855 478 1905 tempore
509 1849 607 1891 libri
634 1849 766 1889 natali
797 1848 1130 1893 existimandum
1166 1849 1236 1901 sit,
1269 1849 1421 1904 paucis

67 1920 345 1959 exponemus.
407 1904 578 1958 Quibus
619 1906 816 1948 omnibus
849 1906 1073 1962 explicatis
1103 1907 1295 1947 futurum
1326 1921 1420 1947 esse

68 1975 314 2016 speramus,
357 1969 407 2003 ut
447 1961 545 2004 libri
574 1964 936 2018 praestantissimi
968 1963 1098 2004 lectio
1137 1969 1180 2004 et
1209 1963 1421 2018 interpre-

67 2018 175 2059 tatio
215 2024 257 2059 et
298 2020 468 2061 facilior
511 2019 722 2061 habeatur
765 2030 808 2061 ct
848 2036 950 2061 vero
993 2020 1120 2061 etiam
1158 2020 1422 2062 fructuosior

65 2080 196 2129 atque
227 2076 373 2118 utilior
401 2076 503 2130 fiat,
537 2092 664 2131 quam
696 2077 887 2131 alioquin
913 2078 1063 2118 -futura
1092 2077 1236 2118 fuerit.

175 2148 329 2204 Itaque
376 2150 559 2206 primum
615 2149 789 2204 quidem
827 2151 993 2192 iux-abit
1041 2156 1418 2207 argumentum

64 2205 272 2247 orationis
303 2207 455 2262 paucis
487 2206 798 2261 delincavisse7
843 2207 960 2262 quod
1002 2208 1175 2262 quidem
1207 2208 1291 2249 huc
1329 2208 1418 2248 fere

66 2261 189 2303 redit.

178 2333 362 2376 Constat
394 2337 531 2378 omnis
571 2338 680 2379 liber
709 2354 786 2395 pro
818 2337 983 2378 ratione
1015 2336 1269 2385 iudiciorum
1299 2338 1416 2378 Atti-

64 2406 213 2432 corum
243 2392 380 2434 tribus
411 2394 618 2448 partibus.
691 2395 883 2446 (Quarum
926 2394 1064 2449 prima
1111 2394 1304 2444 continet
1342 2394 1415 2435 de-

63 2448 323 2502 fensionem⁷
383 2464 511 2503 quam
562 2450 765 2493 Socrates
818 2451 1019 2502 habuisse
1071 2450 1290 2504 putandus
1350 2458 1417 2492 est

61 2505 312 2560 priusquam
355 2506 520 2548 iudices
565 2508 710 2562 primis
742 2508 971 2550 sententiis
1005 2508 1178 2548 omnino
1212 2507 1416 2549 decerne-

60 2568 182 2611 rent,
225 2569 393 2604 essetne
422 2579 520 2605 reus
551 2565 841 2607 absolvendus
875 2581 927 2605 an
960 2563 1328 2617 condemnandus,
1360 2566 1414 2606 ob

61 2617 138 2660 der
163 2619 378 2675 Beklagte
409 2619 672 2677 schuldig
703 2623 765 2663 sei
787 2623 890 2664 oder
924 2638 948 2661 u
963 2621 1096 2662 nsch
1111 2620 1264 2677 uldig
1297 2622 1412 2677 (cap.

60 2675 394 2731 I-—XX1V.);
428 2677 562 2718 altera
593 2679 895 2735 complectitur
926 2695 990 2731 ea,
1024 2693 1134 2732 quae
1165 2678 1281 2719 sacta
1313 2694 1413 2723 con—

63 2731 335 2775 demnatione
367 2750 445 2789 pro
478 2749 522 2776 se
555 2734 687 2789 dixit,
727 2751 856 2791 quum
889 2735 1005 2776 litem
1037 2749 1157 2775 suam
1189 2735 1413 2777 aestimare
