1644 3039
1326 203 1442 245 XIII

89 314 257 372 gandae
299 321 465 367 essent,
514 313 743 370 plurimum
788 312 1023 365 tribueret,
1074 324 1258 354 mentem
1309 315 1440 368 illam,

90 387 220 427 quam
250 386 394 414 rerum
421 369 693 412 universitati
725 370 1031 425 praefecisset,
1075 370 1182 412 nihil
1212 387 1441 428 propemo-

89 429 191 470 dum
222 435 391 471 curaret
419 429 477 483 *).
543 427 698 483 Itaque
741 442 872 481 quum
911 442 1051 481 neque
1090 427 1135 469 in
1166 443 1315 470 eorum
1346 429 1441 485 phi-

86 485 390 542 losophorum,
433 499 540 540 quos
573 483 781 537 diximus,
833 482 1028 525 doctrina
1058 485 1294 540 reperisset
1325 486 1442 541 quod

89 542 193 585 satis
224 548 389 585 certum
419 541 674 596 firmumque
704 540 939 593 videretur,
970 555 1108 595 neque
1137 542 1317 584 aliorum
1350 544 1442 600 opi—

87 599 261 654 niones,
301 614 407 654 quas
446 599 532 640 iam
569 604 734 640 mature
778 597 954 639 videtur
991 598 1214 655 attigisse,
1265 600 1442 655 probari

88 661 206 698 recte
240 671 372 712 posse
404 655 636 706 iudicaret3
680 655 775 711 ipse
807 655 934 695 aliam
964 653 1186 710 ingressus
1217 663 1283 698 est
1311 658 1440 711 viam,

90 728 199 768 quae
229 712 284 754 ad
315 713 540 755 certiorem
570 712 661 754 veri
692 711 985 768 cognitionem
1017 711 1175 754 ducere
1208 713 1440 756 videretur.

85 769 262 811 Etenim
303 785 434 825 quum
469 769 514 810 in
543 769 595 812 iis
624 769 778 823 rebus,
820 783 930 823 quae
962 769 1162 811 sensibus
1193 771 1442 827 percipiun-

85 831 178 881 tur,
210 827 436 869 veritatem
463 826 623 868 frustra
663 826 812 881 quaeri
842 825 926 867 sibi
957 827 1268 882 persuasisset,
1310 828 1440 871 altius

86 888 229 925 mente
262 882 384 938 quasi
415 883 605 925 evolavit
646 889 775 938 atque
808 882 1004 924 idearum
1037 882 1280 925 doctrinam
1312 900 1440 927 exco-

86 940 272 997 gitavit,
309 956 394 996 qua
433 940 700 983 stabiliretur
740 946 784 982 et
825 939 1153 981 confirmaretur
1181 956 1266 982 non
1300 942 1440 984 solum

87 1012 137 1039 ea
186 997 487 1054 philosophiae
537 1012 662 1054 pars,
729 1011 839 1052 quae
886 1011 1027 1038 rerum
1075 998 1439 1054 contemplatione

86 1055 356 1108 continetur,
398 1053 475 1097 sed
515 1056 643 1096 etiam
683 1054 842 1108 altera,
889 1068 999 1109 quae
1040 1060 1107 1095 est
1147 1053 1199 1096 de
1248 1057 1440 1100 moribus

84 1117 218 1166 atque
248 1110 294 1152 in
326 1112 494 1154 actione
524 1117 734 1154 versatur.
796 1110 870 1153 Ad
909 1110 1020 1153 hanc
1060 1117 1203 1153 autem
1244 1112 1439 1168 philoso-

84 1168 212 1223 phiae
238 1174 428 1225 partem,
466 1183 578 1224 quae
609 1174 675 1210 est
705 1167 757 1210 de
787 1168 878 1209 vita
910 1174 952 1209 et
982 1168 1197 1222 moribus,
1237 1176 1285 1210 ut
1314 1186 1439 1226 prae-

85 1225 212 1281 cipue
243 1225 430 1267 animum
461 1224 728 1279 attenderet,
771 1223 914 1266 effecit
943 1222 1137 1267 Socratis
1167 1227 1438 1269 consuetudo

88 1287 131 1323 et
157 1281 441 1335 familiaritas,
472 1282 517 1323 in
549 1297 677 1336 quam
711 1297 807 1323 eum
839 1296 951 1322 anno
984 1282 1137 1323 aetatis
1170 1282 1346 1325 circiter
1375 1285 1438 1326 vi—

84 1337 250 1394 gesimo
280 1339 531 1394 pervenisse
574 1338 703 1380 modo
735 1338 1017 1380 narravimus.
1079 1337 1264 1381 Constat
1295 1347 1437 1384 autem

83 1395 198 1436 inter
228 1409 404 1449 omneS,
436 1394 663 1438 Socratem
692 1395 878 1450 primum
908 1395 1166 1450 sapientiam
1210 1396 1264 1437 ad
1304 1398 1439 1440 vitam

82 1465 312 1506 moresque
355 1451 577 1493 hominum
609 1450 948 1494 considerandos
979 1467 1209 1494 revocasse
1241 1461 1285 1495 et
1315 1455 1438 1497 adhi-

82 1507 246 1562 buisse,
279 1509 340 1550 ita
358 1514 408 1550 ut
438 1524 549 1565 quae
581 1508 734 1551 virtuti
757 1515 832 1550 aut
862 1508 969 1549 nihil
1000 1509 1201 1552 utilitatis
1233 1510 1438 1554 afferrent

83 1570 159 1606 aut
197 1564 351 1608 obesse
391 1571 432 1607 et
460 1581 618 1608 nocere
647 1565 922 1618 viderentur,
969 1580 1018 1607 ea
1052 1575 1338 1623 oppugnaret,
1371 1585 1437 1612 re-

82 1622 269 1677 futaret,
314 1629 622 1665 contemneret.
682 1623 838 1678 Itaque
876 1622 949 1664 ille
988 1639 1076 1665 non
1115 1625 1254 1666 solum
1295 1627 1436 1669 curio—

82 1693 153 1721 sas
185 1678 504 1735 disputationes
537 1695 709 1734 eorum,
751 1680 826 1735 qui
864 1678 917 1721 de
947 1695 1089 1722 rerum
1118 1688 1273 1724 natura
1305 1699 1436 1738 quae-

82 1735 312 1790 sivissent,
343 1738 469 1793 parvi
502 1737 747 1780 aestimavit
778 1736 975 1791 adeoque
1004 1738 1289 1794 negligendas
1323 1741 1435 1782 iudi-

83 1793 212 1847 cavit,
246 1793 323 1835 sed
354 1794 481 1835 etiam
513 1793 721 1836 absurdas
749 1793 1044 1849 sophistarum
1065 1796 1305 1849 opiniones,
1340 1799 1434 1853 qui-

83 1849 165 1891 bus
197 1865 366 1892 omnem
396 1850 567 1893 virtutis
606 1865 655 1892 ac
699 1850 936 1905 sapientiae
966 1850 1176 1893 rationem
1209 1854 1344 1895 everti
1371 1856 1435 1896 vi-

85 1904 206 1948 deret
237 1906 327 1962 **),
373 1913 462 1948 tam
512 1907 710 1950 doctrina
760 1913 803 1949 et
854 1908 1127 1950 institutione
1180 1924 1308 1963 quam
1355 1926 1434 1953 suo

82 1962 221 2017 ipsius
251 1964 446 2020 exemplo
484 1964 677 2007 studiose
719 1964 929 2021 coarguit.
990 1963 1121 2018 Quod
1152 1980 1239 2021 qua
1268 1968 1434 2011 ratione

80 2019 251 2075 fecerit,
285 2036 417 2076 quum
447 2020 643 2077 plurimis
676 2021 769 2063 aliis
800 2027 994 2063 veterum
1023 2023 1281 2078 scriptorum
1312 2027 1434 2068 testi-

81 2077 238 2119 moniis
276 2084 467 2132 constat,
507 2084 600 2120 tum
630 2093 652 2120 e
681 2078 991 2134 Xenophontis
1031 2086 1074 2120 et
1105 2080 1303 2124 Platonis
1344 2098 1432 2124 ser-

82 2134 282 2176 monibus
314 2136 524 2193 cognosci
553 2135 679 2177 facile
710 2142 865 2192 potest.
926 2135 1083 2191 Neque
1107 2137 1221 2178 enim
1251 2138 1295 2180 id
1326 2140 1430 2197 egit,

81 2197 131 2233 ut
157 2198 391 2249 praecepta
426 2192 542 2234 vitae
580 2198 697 2234 recte
738 2208 787 2234 ac
818 2192 1038 2248 sapienter
1066 2193 1357 2238 instituendae
1386 2198 1431 2239 in

83 2247 338 2304 disciplinae
367 2249 547 2291 formam
577 2249 810 2306 redigeret,
843 2255 916 2290 aut
942 2249 1100 2304 quibus
1132 2266 1182 2292 ea
1213 2254 1356 2296 causis
1389 2261 1432 2297 et

80 2305 322 2348 rationibus
345 2306 604 2361 niterentur,
645 2307 795 2349 subtili
824 2307 1197 2363 argumentatione
1228 2310 1431 2353 ostende-

80 2367 167 2412 ret3
206 2361 284 2404 sed
314 2363 466 2417 quavis
498 2364 823 2420 opportunitate
856 2378 960 2406 usus
989 2363 1042 2405 de
1073 2364 1255 2421 singulis
1283 2368 1427 2422 rebus,

82 2433 191 2474 quae
231 2418 286 2460 ad
320 2419 429 2461 bene
467 2421 679 2476 beateque
717 2419 951 2462 vivendum
980 2420 1195 2475 valerent,
1242 2424 1430 2466 notioni-

79 2474 161 2518 bus
195 2491 340 2518 earum
369 2477 680 2535 investigandis
700 2492 918 2520 sermones
942 2477 1143 2533 instituit,
1166 2481 1308 2523 omnia
1324 2497 1427 2524 vero

80 2601 168 2608 ——-

131 2679 168 2722 *)
195 2679 371 2734 Phaedon:
397 2691 429 2734 ρ.
452 2680 508 2716 98.
534 2681 574 2714 Β.
600 2693 650 2726 sq.
677 2684 766 2717 Tim.
794 2695 826 2728 p.
851 2684 907 2720 46.
930 2684 973 2717 D.
1210 2730 1220 2736 ,

116 2726 171 2768 ’*)
191 2725 879 2809 389ἰίεξῇῐξὲῗῐιῶἰνᾗίεςοιὲᾟὲξεέεἱιίεῑοτίθε
895 2729 1140 2774 philosophiae.
1191 2730 1309 2772 ‘meque
1336 2732 1421 2763 enim
