1644 3039
194 199 511 244 PLATONIS
543 199 927 244 APOLOGIAM
952 199 1271 246 SOCRATIS.
1355 206 1407 245 47

60 316 257 348 Platonis
296 317 475 357 Dialogi
509 316 566 347 lV.
603 314 726 353 Meni).
764 315 882 355 Crito‚
921 315 1118 348 Alcibiades
1152 321 1298 359 uterque
1332 327 1406 349 cum

148 373 372 406 adnotatione
405 374 522 405 critica
555 377 589 405 et
621 373 814 413 exegetica.
865 373 926 406 Ed.
960 374 1024 407 IV.
1079 373 1220 406 Curavit
1251 375 1407 416 Philip-

151 441 228 472 pus
262 431 561 463 Buttmannns-
621 428 736 461 Berol.
763 429 863 464 1822.
913 431 946 465 8.
1005 432 1118 464 Editio
1151 431 1268 464 horum
1305 432 1407 463 libro-

150 499 221 520 rum
255 490 402 530 primum
443 492 601 529 suscepta
637 487 701 519 fuit
735 497 753 518 a
787 488 990 521 Biestero
1025 494 1058 521 et
1093 489 1155 522 Fr.
1192 489 1407 520 Gedickio

148 556 166 576 a
194 544 295 580 1780.
322 546 459 578 tertium
490 545 634 587 repetita
669 550 823 577 assumto
858 547 951 578 sorio
983 547 1008 579 1³
1022 547 1085 581 liil.
1120 547 1405 583 Buttmanno,

152 602 300 635 Berolin.
326 603 427 638 1811.
477 602 642 636 Quartam
673 601 856 634 editionem
882 605 976 634 solus
1009 603 1246 635 Buttmann
1259 614 1307 635 us
1335 604 1407 645 opi-

148 661 211 691 bus
238 661 369 692 criticis
392 660 464 691 Im.
494 659 686 691 Bekkeri
717 659 857 700 primum
893 670 976 691 usus
1003 660 1250 693 administravit
1276 661 1407 693 multis-

147 727 212 758 que
240 717 335 749 novis
366 716 617 748 accessionibus
647 716 876 758 locupletavit.

56 774 200 813 Crito,
249 773 420 805 Laches
471 777 510 806 et
548 774 781 815 particula
824 773 1071 815 Apologiae
1115 775 1316 807 Socratis
1366 781 1406 807 et

147 831 398 863 Pliaedouis
425 832 580 873 leguntur
605 831 723 867 etiam,
749 830 1100 863 animadversionibus
1125 832 1262 869 additis,
1290 833 1322 865 in
1349 833 1407 864 la-

146 888 304 928 cobsii,
329 889 374 920 V.
401 888 466 928 CL,
494 887 793 920 Chrestomatliiae
819 889 974 919 Graecae
1000 887 1040 920 Τ,
1060 888 1115 920 lll.
1143 890 1197 930 qui
1224 890 1406 932 inscriptus

146 949 217 978 est:
251 946 466 978 Sokrates
491 946 599 978 oder
626 949 828 987 Ausziige
862 955 939 976 aus
967 945 1046 977 den
1080 946 1180 987 phil.
1214 946 1407 979 Schrift-

145 1004 330 1035 stelleru
364 1004 437 1036 der
473 1003 702 1036 Griechen.
761 1002 846 1035 Fiir
887 1002 954 1035 die
985 1003 1184 1036 inittlern
1223 1006 1406 1037 Classen

145 1060 366 1099 gelelirter
392 1059 591 1092 Schulen.

1 1143 3 1151 ,
54 1119 258 1152 Platonis
292 1119 509 1160 Apologia
542 1118 748 1150 Socratis
785 1123 824 1150 et
853 1118 991 1151 Crito.
1043 1118 1160 1150 Edidit
1187 1119 1278 1150 etin
1305 1118 1404 1150 selio-

145 1177 251 1209 larum
291 1175 439 1208 maxime
480 1185 576 1207 nsum
619 1177 863 1218 interpretatus
895 1182 944 1209 est
979 1177 1071 1209 Car.
1105 1177 1217 1209 Guil.
1260 1176 1405 1208 Elber-

144 1234 238 1275 ling.
288 1233 457 1273 Havniae,
476 1233 577 1268 1837.
595 1232 628 1266 8.
678 1233 793 1265 Editio
817 1234 1110 1274 commendabilia,
1136 1233 1294 1266 brevibus
1310 1244 1405 1266 com-

147 1291 318 1323 mentariis
347 1292 509 1321 instructa
536 1291 643 1332 iisque
669 1291 756 1322 bene
785 1290 925 1324 Latinis.

0 1362 3 1386 ς
56 1348 255 1381 Platonis
290 1347 422 1378 Crito.
472 1348 507 1380 ln
540 1358 637 1380 usum
673 1347 864 1379 scholarum
901 1349 1008 1380 edidit
1032 1349 1062 1380 J.
1091 1347 1129 1381 C.
1160 1348 1282 1381 Held.
1340 1350 1404 1379 So-

145 1405 274 1445 lisbaci‚
298 1403 398 1438 1838.
425 1403 455 1437 8.
507 1405 620 1437 Editio
657 1406 798 1437 aliorum
833 1405 904 1437 sere
940 1406 1178 1438 annotationes
1212 1406 1244 1437 in
1270 1406 1406 1438 brevius

144 1466 339 1493 contractas
375 1471 502 1502 easque
546 1464 745 1504 plerumque
796 1463 1038 1503 grammatic-as
1080 1462 1237 1502 exhibet,
1278 1464 1403 1505 quibus

143 1519 217 1550 unis
243 1523 356 1551 tamen
386 1520 532 1551 Platonis
558 1519 781 1561 intelligentia
807 1520 999 1560 neutiquam
1028 1520 1110 1551 satis
1135 1519 1326 1551 adiuvatur.

0 1575 3 1638 ἰ
52 1588 256 1620 Platonis
303 1588 515 1629 Apologia
567 1586 777 1620 Socratis.
847 1588 882 1619 ln
921 1598 1018 1621 usum
1061 1587 1253 1620 scholarum
1296 1587 1405 1620 edidit

142 1645 173 1677 J.
200 1644 238 1677 C.
267 1644 389 1678 Held.
439 1645 630 1684 Solisbaci‚
657 1645 757 1680 1844.
782 1645 814 1679 8.
866 1647 914 1677 l)e
941 1645 1001 1677 hac
1026 1655 1163 1686 quoque
1186 1646 1297 1687 opella
1322 1645 1405 1678 iudi-

143 1702 284 1734 candum
312 1707 383 1743 est,
407 1703 498 1744 quod
525 1701 567 1735 de
598 1702 739 1734 Critone
765 1703 925 1735 diximus.

54 1760 259 1793 Platonis
291 1759 581 1802 dialogorum
616 1759 831 1793 delectus.
872 1759 1144 1802 Entliypliro,
1178 1761 1402 1801 Apologia.

146 1818 287 1857 Crito,
318 1817 505 1849 Pliaedo.
557 1816 607 1848 Ad
641 1816 742 1848 tidem
780 1817 935 1849 codicum
963 1818 1162 1859 recognovit
1192 1821 1226 1849 et
1252 1828 1403 1849 summa-

143 1876 202 1907 riis
236 1875 394 1907 instruxit
431 1875 474 1908 G.
508 1874 763 1906 Stallbaum.
814 1874 973 1916 Lipsiae,
1011 1885 1065 1916 ap.
1098 1874 1210 1916 Serig.
1243 1873 1344 1908 1838.
1371 1874 1401 1908 8.

142 1933 220 1964 min.
266 1931 385 1963 Editio
410 1941 517 1973 parvo
543 1931 717 1973 parabilis:
743 1930 857 1963 addita
883 1935 936 1964 est
962 1932 1062 1964 etiam
1077 1932 1252 1963 annotatio
1274 1932 1402 1965 critica.

52 1999 239 2032 Platons
275 1999 492 2042 Apologie
525 1998 598 2032 des
631 1999 851 2032 Socrates.
900 1999 1108 2032 Uebersetzt
1143 1999 1208 2032 und
1236 1999 1404 2032 erlautert

143 2067 207 2088 von
248 2056 311 2090 Fr.
346 2059 385 2089 A.
420 2057 611 2091 Niisslin.
662 2057 880 2097 Mannheim,
907 2055 1007 2091 1838Δ
1033 2056 1065 2091 8.
1102 2057 1154 2091 ed.
1182 2057 1214 2091 2.
1242 2057 1342 2092 1848.
1369 2057 1402 2092 8.

143 2114 219 2145 mai.
270 2113 387 2147 Habet
411 2115 567 2156 egregias
593 2113 635 2146 de
660 2114 762 2146 rebus
787 2125 828 2146 ac
854 2115 1033 2146 sententiis
1057 2115 1381 2149 commentationes,

52 2183 214 2215 Kriton.
272 2182 333 2213 Ein
368 2183 504 2216 Platon.
537 2180 735 2223 Gespriicm
772 2182 948 2215 tibersetzt
980 2183 1046 2214 und
1079 2184 1242 2215 erl'autert
1267 2194 1334 2215 von
1363 2183 1402 2214 F.

143 2241 187 2273 A.
214 2238 408 2272 Niisslin.
460 2238 596 2271 Mannli.
629 2238 730 2273 1843.
757 2239 789 2273 8.
822 2239 875 2274 ecl.
911 2251 980 2274 ser.
1015 2239 1115 2274 1850.
1164 2241 1327 2273 Continet
1351 2239 1403 2272 liic

143 2305 281 2336 quoque
307 2297 391 2330 liber
416 2299 522 2330 multa
550 2298 708 2338 egregia.
733 2307 819 2338 qnae
846 2297 889 2328 ad
918 2298 1114 2329 interiorem
1141 2298 1296 2330 Platonis
1324 2307 1402 2330 sen-

144 2362 218 2384 sum
251 2353 492 2386 recludendum
517 2355 667 2386 valeant.

56 2421 244 2453 Platons
270 2419 625 2464 Vertheidigung
655 2422 728 2455 des
757 2423 782 2454 S
805 2426 1001 2459 octates,
1035 2422 1215 2454 iibersetzt
1243 2432 1271 2454 v.
1297 2422 1327 2454 J.
1357 2422 1401 2455 H.

144 2477 279 2516 Voss,
313 2478 392 2509 olim
425 2477 518 2510 edita
551 2479 582 2510 in
615 2479 716 2512 libro:
753 2480 992 2511 Deutsenes
1021 2478 1401 2513 Muse11n1a.1776.

145 2535 221 2566 Vol.
239 2535 294 2568 10.
320 2544 410 2566 nunc
439 2536 564 2577 legitur
585 2536 617 2567 in
643 2537 729 2568 libro
755 2543 933 2579 postumo:
963 2537 1292 2577 stiimerkiiiigeii
1320 2536 1401 2568 und

142 2591 455 2634 Randglossen
483 2604 535 2625 zu
562 2593 781 2626 Griechen
808 2593 890 2625 und
921 2594 1107 2626 Romern
1137 2603 1167 2624 ν.
1196 2593 1228 2625 J.
1254 2593 1401 2625 Heinr.

145 2649 272 2682 Voss.
319 2649 617 2692 Herausgegeben
648 2662 680 2682 v.
717 2651 865 2684 Abrali.
899 2651 1022 2682 Voss.
1074 2651 1194 2691 Leipz.
1222 2649 1322 2683 1838.
1371 2649 1403 2683 8.

150 2717 185 2748 p.
220 2707 285 2741 119
319 2717 394 2748 sqq.
430 2707 484 2738 ubi
517 2696 603 2748 quae
635 2707 771 2740 additae
798 2710 956 2750 leguntur
981 2706 1221 2738 annotationes
1253 2707 1403 2741 criticae.

145 2775 208 2796 eae
245 2774 348 2806 quum
382 2762 630 2797 Fisclierum
671 2766 818 2798 maxime
853 2766 1068 2805 impugnent.
1109 2768 1178 2795 tum
1214 2764 1405 2796 certissime
