1644 3039
1213 201 1398 243 XXVII

48 325 247 374 quentem
289 316 485 371 induxit7
527 317 556 357 ii
596 316 888 358 coniecturam
929 317 1127 358 fecerunt
1173 331 1225 356 ex
1257 331 1307 357 ea
1338 331 1398 368 re,

46 374 160 417 unde
190 375 362 416 mininie
393 374 633 425 debebant7
664 372 747 414 hoc
778 379 873 426 est,
907 388 959 414 ex
989 379 1146 415 ornatu
1176 372 1275 414 libri
1306 387 1398 415 sce-

47 433 160 486 nico,
193 447 320 487 quem
351 437 521 473 constat
551 446 575 471 a
603 429 787 471 Platone
821 431 1073 484 saepissime
1104 430 1164 471 ita
1197 445 1291 471 esse
1323 429 1399 470 ad—

48 489 246 542 bibitum,
279 495 328 529 ut
355 494 595 544 temporum
628 487 816 529 rationes
838 487 1128 543 negligantur.
1189 487 1286 530 Neo
1320 502 1398 542 po-

47 552 160 588 terat
189 546 314 587 Plato
357 545 401 586 in
432 543 669 587 Phaedone
696 543 979 599 probabiliter
1008 543 1234 586 Socratem
1265 543 1398 585 collo-

49 609 253 658 quentem
284 602 424 644 facere
462 617 558 643 cum
588 600 785 657 Archyta
824 601 968 655 aliquo
1009 608 1084 642 aut
1113 601 1293 642 Timaeo
1326 606 1400 641 aut

50 660 243 716 Euryto,
278 666 326 700 ut
354 658 525 700 minime
559 658 789 700 obscurum
823 658 901 709 sit,
936 673 1013 699 cur
1043 657 1280 710 Simmiam,
1316 656 1399 698 Ce-

49 717 190 759 betem
221 723 264 757 et
293 715 575 757 Echecratem
606 730 702 756 cum
733 730 783 756 eo
815 715 1046 756 convenire
1073 715 1260 756 iusserit.
1314 713 1402 756 Sed

52 774 135 815 alia
167 775 293 814 etiam
321 787 451 814 causa
482 778 560 825 est,
593 787 669 814 cur
688 772 750 812 ita
781 771 833 813 de
866 777 1074 826 tempore,
1109 787 1194 826 quo
1222 771 1400 812 Phaedo

50 830 239 885 scriptus
268 830 347 882 sit,
396 829 703 871 existimemus.
762 828 875 870 Nam
909 836 951 869 et
978 828 1172 870 idearum
1205 828 1402 870 doctrina

49 888 95 928 in
124 902 174 929 eo
201 893 289 928 tam
321 893 385 929 est
414 887 604 942 perfecta
635 892 679 928 et
708 886 932 939 absoluta,
974 893 1022 926 ut
1063 886 1107 927 in
1149 886 1266 926 nullo
1315 885 1399 926 alio

49 944 158 986 libro
192 943 354 999 magis3
395 950 437 985 et
467 949 764 999 argumentum
797 942 850 984 de
883 943 1121 984 animorum
1152 942 1400 984 immortali-

50 1007 165 1054 tate,
207 1000 325 1055 quod
364 1000 407 1041 in
447 1015 497 1041 eo
537 1000 798 1054 explicatum
829 1006 918 1053 est,
966 1000 1093 1041 etiam
1125 1000 1167 1040 in
1200 998 1401 1040 Phaedro

51 1064 95 1099 et
128 1056 287 1099 Politia
316 1063 550 1111 tractatur,
589 1063 638 1098 ut
673 1056 741 1098 vel
771 1056 871 1098 hinc
902 1073 989 1099 non
1019 1057 1163 1113 inepte
1197 1056 1402 1097 coniicias

51 1114 158 1156 haec
196 1129 327 1171 opera
367 1115 509 1155 omnia
549 1115 637 1155 fere
679 1112 831 1155 eodem
870 1114 1080 1169 temporis
1124 1115 1265 1170 spatio
1307 1128 1403 1154 esse

55 1177 216 1213 exorta.
278 1170 411 1223 Quod
443 1178 585 1212 autem
606 1170 799 1214 Socratis
831 1171 1052 1212 morientis
1083 1171 1224 1228 imago
1252 1171 1294 1212 in
1331 1170 1403 1211 illo

53 1228 164 1270 libro
195 1228 320 1283 quasi
350 1228 404 1269 ob
437 1229 585 1270 oculos
617 1228 821 1283 ponitur,
852 1227 897 1269 id
930 1244 1027 1269 cum
1059 1228 1305 1284 argumenti
1336 1243 1404 1268 ra-

53 1285 115 1326 tio
147 1284 319 1327 videtur
350 1283 559 1338 effecisse,
591 1291 681 1326 tum
714 1285 843 1326 etiam
872 1285 994 1338 illud,
1028 1284 1145 1339 quod
1167 1285 1405 1326 Athenien-

56 1342 198 1394 sibus,
242 1341 317 1395 qui
356 1341 489 1382 multo
527 1342 687 1383 rectius
727 1342 892 1383 interea
924 1341 976 1383 de
1009 1341 1203 1384 Socratis
1235 1342 1406 1383 virtuti-

55 1399 134 1440 bus
164 1397 354 1439 iudicare
386 1397 643 1440 didicissent
671 1399 730 1453 ⁴³⁴),
764 1398 993 1440 ostendere
1024 1399 1214 1452 volebat⁷
1247 1406 1409 1454 quanta

53 1455 207 1496 fuisset
237 1454 366 1494 animi
385 1454 681 1510 magnitudine
714 1461 756 1496 et
780 1455 940 1510 pietate
962 1456 1135 1510 sapiens
1155 1456 1242 1509 ille,
1276 1471 1404 1510 quem

53 1512 153 1553 olim
182 1511 343 1552 iniusto
375 1511 536 1553 iudicio
569 1527 590 1552 e
622 1511 764 1553 medio
789 1513 1082 1554 sustulissent.
1145 1512 1277 1565 Quod
1309 1513 1404 1566 qui-

55 1568 151 1610 dem
182 1569 323 1609 facere
354 1574 446 1610 tum
490 1575 659 1624 poterat
690 1585 740 1610 eo
772 1569 935 1623 tutius,
977 1585 1062 1625 quo
1100 1571 1286 1611 maiores
1329 1569 1404 1611 ho-

54 1640 180 1667 nores
209 1624 386 1666 videbat
425 1626 478 1667 ab
509 1625 851 1668 Atheniensibus
886 1626 1057 1669 Socrati
1097 1634 1197 1682 post
1225 1633 1406 1668 mortem

55 1682 227 1724 habitos
267 1696 383 1732 esse3
433 1698 572 1738 neque
614 1682 791 1725 dubium
830 1690 917 1737 est7
971 1684 1073 1739 quin
1124 1685 1252 1725 etiam
1293 1700 1408 1725 nunc

57 1738 273 1782 scribendi
293 1739 518 1781 consilium
541 1739 593 1780 ad
610 1747 855 1795 temporum
885 1741 1074 1782 rationes
1108 1740 1407 1783 accommoda-

55 1796 180 1837 verit.
241 1795 330 1838 Sed
361 1797 466 1838 satis
502 1796 554 1837 de
586 1797 834 1838 Phaedone.
898 1798 1134 1838 Difficilius
1182 1798 1308 1838 etiam
1342 1798 1407 1838 iu-

58 1852 218 1894 dicium
249 1859 314 1893 est
344 1852 396 1893 de
427 1852 651 1906 Phaedro,
691 1869 818 1908 quem
851 1853 1409 1896 Schleiermacherus

62 1908 232 1951 censuit
262 1924 286 1949 a
319 1909 500 1950 Platone
533 1909 764 1951 admodum
795 1911 948 1952 iuvene
981 1926 1074 1952 esse
1107 1912 1408 1968 compositum,

58 1972 109 2007 ut
139 1965 221 2007 sibi
254 1967 375 2020 quasi
407 1967 517 2008 viam
546 1968 810 2023 patefaceret
853 1968 908 2009 ad
947 1968 1080 2010 totius
1110 1968 1411 2024 philosophiae

60 2029 206 2079 partes
247 2037 344 2077 eas,
384 2039 492 2078 quae
537 2034 682 2066 essent
710 2025 1018 2081 gravissimae,
1065 2025 1273 2081 deinceps
1314 2042 1410 2082 per-

59 2078 307 2121 tractandas
351 2086 392 2120 et
431 2081 707 2137 exponendas
740 2083 823 2136 W).
897 2083 949 2124 In
990 2098 1075 2137 quo
1122 2082 1283 2125 iudicio
1328 2083 1411 2125 etsi

61 2136 186 2178 facile
214 2136 491 2180 concedimus
522 2138 685 2193 aliquid
715 2139 805 2180 veri
836 2140 1004 2192 inesse,
1052 2146 1196 2181 tamen
1226 2140 1412 2182 nolimus

60 2192 251 2235 indidem
283 2195 534 2236 conclusum
567 2210 684 2248 esse,
729 2196 845 2250 quod
876 2197 942 2238 vir
972 2197 1280 2249 sagacissimus
1309 2196 1411 2238 inde

63 2250 287 2292 conclusit.
331 2250 474 2303 Quum
494 2252 606 2293 enim
624 2253 908 2309 philosophus
940 2260 983 2295 et
1017 2254 1259 2295 doctrinam
1290 2269 1412 2295 suam

64 2313 108 2348 et
136 2306 376 2349 disserendi
417 2309 625 2351 rationem
662 2310 926 2366 pedetentim
960 2311 1195 2353 excoluerit
1237 2326 1285 2353 ac
1317 2327 1414 2367 per-

119 2500 154 2542 ·)
183 2499 220 2530 V.
246 2499 355 2540 Diog
393 2499 608 2534 Laert.11.
635 2501 679 2535 40
704 2514 779 2543 sqq.
806 2504 924 2543 ibique
954 2503 1130 2543 Menag.
1164 2505 1339 2538 Aelian.
1377 2506 1414 2538 V.

155 2545 336 2623 lie-1325}
362 2545 491 2626 Ιῐόἓξ.
510 2547 662 2624 θῑζῒίΐοάο
675 2559 698 2581 r.
732 2549 830 2583 XIV.
860 2549 915 2583 37.
951 2550 1180 2583 Plutarch.
1214 2551 1255 2582 de
1281 2553 1416 2584 invidia

98 2638 147 2679 ⁴¹⁸¹)
173 2638 215 2669 V.
249 2603 403 2670 Praei'at.
439 2618 483 2670 ad
515 2618 664 2673 flhanedr.
696 2653 728 2683 p.
754 2643 798 2677 67
823 2653 900 2683 sqq.
927 2642 1004 2673 coll.
1038 2641 1232 2674 Introduct..
1259 2644 1303 2675 ad
1328 2643 1416 2686 Opp.

183 2683 318 2718 Platon.
353 2695 384 2726 p.
421 2685 464 2718 17
496 2696 568 2727 sqq.
623 2688 672 2719 De
703 2689 771 2720 hoc
798 2699 901 2730 opere
934 2689 1076 2729 eiusque
1106 2689 1300 2730 originibus
1334 2693 1417 2732 quid

179 2731 383 2770 sentiamus,
411 2731 587 2772 copiosius
614 2744 722 2775 nuper
746 2736 781 2766 in
809 2735 1033 2766 Praefatione
1059 2735 1103 2766 ad
1130 2737 1317 2768 secundam
1343 2738 1416 2769 eius

180 2776 366 2809 editionem
395 2779 625 2818 exposuimus.
