1644 3039
1353 203 1462 245 LIX

111 318 370 375 vestigatum
389 319 466 360 tibi
490 318 707 368 videatur3
731 325 823 359 tum
845 318 888 358 in
908 317 1133 359 universae
1157 316 1463 371 disputationis

111 375 247 417 forma
276 390 326 417 ac
357 375 645 431 descriptione
678 374 764 416 diei
787 390 874 416 non
895 380 1041 430 potest
1071 380 1234 428 quanta
1265 374 1367 416 insit
1398 373 1463 415 vis

111 431 166 473 ad
196 432 434 488 legentium
463 433 626 474 animos
656 431 905 487 capiendos,
938 430 1186 472 retinendos
1216 437 1259 472 et
1290 430 1344 471 ad
1374 431 1464 472 veri

110 489 401 546 investigandi
440 488 630 531 studium
669 487 938 530 alliciendos.
998 486 1146 540 Quum
1191 487 1305 529 enim
1335 502 1463 544 argu-

111 553 302 587 mentum
322 546 588 603 singulorum
611 544 882 602 dialogorum
897 559 1028 585 unum
1047 545 1103 585 sit
1119 550 1247 599 atque
1265 544 1463 600 simplex,

112 603 340 658 omnia-que
361 604 416 645 ad
437 618 568 644 unum
590 602 861 656 eundemque
883 601 1013 643 finem
1041 602 1295 654 referantur,
1321 608 1465 643 tamen

112 659 218 713 quid
257 660 529 716 potissimum
565 665 786 714 spectetur
831 665 875 700 et
905 672 1112 714 quorsum
1142 657 1294 699 tendat
1323 659 1462 700 omnis

111 715 374 772 disputatio,
404 723 526 758 tanta
563 716 816 772 plerumque
855 722 946 757 arte
987 715 1251 757 occultatum
1297 721 1384 768 est,
1417 722 1466 756 ut

110 772 201 814 fere
230 789 318 815 non
346 776 560 830 possimus
579 773 662 815 nisi
684 773 883 815 absoluta
912 772 1044 814 totius
1071 772 1284 814 sermonis
1311 772 1465 814 lectio-

111 844 165 871 ne
216 845 267 871 ea
322 830 375 872 de
415 846 460 872 re
490 830 633 872 facere
663 829 884 871 iudicium.
945 828 1044 882 Quo
1075 830 1119 869 in
1150 843 1308 884 genere
1340 845 1464 871 nemo

111 892 178 928 est
198 886 303 942 quin
326 887 472 929 videat
501 902 630 942 quam
650 886 913 928 admirabilis
935 887 990 928 sit
1011 885 1209 927 Platonis
1232 886 1465 941 sapientia:

112 943 188 998 qui
219 958 350 998 quum
380 945 553 1001 egregie
583 944 877 1000 perspexisset
907 942 1108 997 colloquii
1134 949 1347 996 naturam,
1373 958 1463 996 eos,

112 1015 220 1055 quos
249 1000 417 1042 inducit
447 1001 758 1056 colloquentes,
790 1000 850 1042 ita
885 1000 1158 1056 disputantes
1187 1000 1304 1053 facit,
1332 1006 1381 1041 ut
1410 999 1465 1041 ad

110 1064 436 1113 argumentum,
478 1057 531 1099 de
571 1073 656 1113 quo
689 1057 937 1111 disseritur,
967 1056 1194 1098 videantur
1227 1059 1465 1099 accessisse

111 1128 198 1155 non
233 1114 479 1170 praeparati
518 1121 648 1169 atque
686 1114 906 1168 meditati,
951 1113 1028 1156 sed
1068 1114 1153 1167 ita,
1195 1120 1245 1155 ut
1275 1129 1380 1156 casu
1410 1113 1466 1155 ad

111 1169 219 1212 illud
230 1171 362 1212 delati
379 1172 604 1214 notionum
621 1187 737 1214 nunc
757 1171 954 1228 ipsumin
969 1171 1112 1212 animo
1138 1170 1387 1212 obortarum
1400 1186 1465 1213 se-

111 1226 217 1268 riem
230 1227 367 1269 libera
384 1229 547 1285 ingenii
566 1229 802 1284 agitatione
824 1233 1155 1284 persequantur,
1170 1227 1325 1269 incerti
1340 1229 1465 1282 quasi

111 1282 352 1338 haerentes,
385 1299 511 1339 quem
530 1286 692 1327 exitum
717 1285 919 1327 habitura
942 1286 998 1326 sit
1020 1283 1269 1340 disputatio.
1309 1285 1466 1339 Itaque

112 1355 422 1397 saepenumero
452 1342 655 1397 princeps
679 1342 873 1396 quaestio
895 1341 1070 1383 videtur
1091 1340 1252 1398 negligi
1275 1347 1318 1383 et
1347 1341 1466 1384 aliud

111 1397 282 1452 agendo
324 1399 521 1452 tractari,
562 1406 611 1440 ut
652 1399 790 1453 qualis
836 1399 892 1440 sit
929 1413 1015 1440 non
1058 1398 1201 1452 possit
1243 1399 1464 1455 cognosci,

109 1453 194 1495 nisi
226 1453 389 1511 dialogi
429 1462 606 1509 ornatu,
649 1455 952 1511 disputationis
991 1461 1088 1496 ortu
1130 1460 1174 1495 et
1211 1470 1464 1511 progressu,

109 1508 296 1565 denique
337 1512 603 1568 singularum
633 1512 822 1566 partium
849 1517 1064 1554 concentu
1096 1510 1329 1568 diligenter
1361 1528 1465 1554 con-

109 1566 312 1610 siderato.
372 1567 507 1611 Cuius
547 1569 720 1610 artificii
761 1569 872 1611 ratio
918 1584 1050 1624 quum
1090 1568 1236 1610 multis
1280 1569 1465 1612 obscura

108 1624 237 1665 fuerit
264 1640 405 1680 neque
431 1624 663 1682 diligenter
686 1625 1000 1680 animadversa,
1022 1625 1174 1681 paucis
1205 1625 1466 1668 illustranda

107 1679 302 1737 videtur,
332 1688 381 1724 ut
410 1682 574 1725 tirones
605 1690 771 1725 mature
803 1682 858 1724 ad
889 1698 984 1725 eam
1015 1683 1203 1724 animum
1234 1683 1461 1726 advertere

108 1746 408 1781 consuescant.
478 1739 651 1781 Etenim
703 1755 801 1782 cum
850 1740 1054 1796 primario
1095 1740 1303 1794 consilio,
1348 1740 1466 1796 quod

107 1794 153 1836 in
194 1796 378 1852 singulis
412 1796 682 1838 sermonibus
714 1803 889 1839 secutus
920 1802 1013 1849 est,
1057 1796 1344 1853 philosophus
1374 1795 1465 1839 fere

110 1851 194 1892 alia
232 1854 360 1893 etiam
401 1853 628 1894 coniunxit
652 1853 802 1908 plura,
836 1868 946 1908 quae
978 1853 1174 1908 quamvis
1206 1854 1378 1909 saepius
1411 1855 1464 1896 ab

108 1907 181 1950 illo
221 1908 361 1950 aliena
389 1909 660 1964 maximeque
703 1909 873 1952 diversa
903 1909 1160 1963 videantur,
1192 1916 1335 1952 tamen
1368 1926 1465 1953 cum

109 1963 184 2006 illo
225 1965 322 2021 ipso
363 1965 602 2008 arctissime
641 1967 871 2009 coniuncta
915 1973 1017 2008 sunt
1059 1967 1255 2022 adeoque
1287 1967 1344 2009 ad
1374 1968 1465 2011 eius

112 2020 442 2078 explicationem
501 2030 630 2078 atque
682 2024 1015 2066 illustrationem
1061 2025 1321 2066 necessaria.
1391 2024 1466 2068 Sic

110 2077 156 2120 in
215 2077 395 2121 Critone
455 2078 677 2122 Socratem
741 2080 980 2123 defendens
1040 2081 1092 2123 ab
1145 2081 1219 2123 illo
1271 2082 1464 2136 crimine,

109 2150 197 2190 quo
227 2135 402 2178 iuvenes
433 2136 494 2178 ita
523 2137 770 2193 corrupisse
803 2138 1045 2190 ferebatur,
1085 2145 1133 2180 ut
1171 2138 1342 2195 legibus
1386 2155 1466 2195 pu·

108 2191 233 2234 blicis
262 2199 513 2236 recusarent
542 2194 846 2248 obedientiam,
870 2195 999 2237 simul
1028 2194 1112 2237 hoc
1143 2195 1250 2252 agit,
1273 2202 1323 2237 ut
1350 2196 1464 2239 bono

109 2248 203 2290 viro
242 2249 288 2291 in
317 2250 433 2292 omni
465 2251 578 2293 vitae
608 2251 858 2294 conditione
890 2252 1101 2294 iustitiam
1132 2252 1388 2294 servandam
1422 2259 1466 2295 et

110 2304 280 2361 legibus
317 2307 482 2362 patria'e
524 2307 850 2363 obsequendum
889 2323 982 2351 esse
1012 2308 1181 2351 doceat.
1242 2309 1295 2351 In
1322 2309 1465 2351 Phae-

111 2360 225 2403 done
240 2369 541 2418 praeterquam
559 2365 675 2418 quod
692 2365 1028 2408 immortalitatis
1046 2365 1175 2407 fidem
1195 2367 1464 2420 argumentis

111 2419 362 2472 confirmat,
392 2435 478 2461 non
519 2421 656 2464 solum
697 2423 804 2465 alios
845 2422 1056 2478 quosdam
1097 2422 1320 2465 doctrinae
1361 2439 1464 2466 suae

109 2475 230 2518 locos
261 2476 464 2533 explicat,
496 2477 573 2519 sed
603 2479 731 2520 etiam
756 2479 948 2522 Socratis
978 2479 1201 2522 morientis
1232 2480 1465 2537 imaginem

112 2538 210 2574 ante
250 2533 400 2577 oculos
438 2533 673 2590 legentium
703 2537 838 2592 ponit.
899 2537 951 2577 In
981 2536 1104 2579 libris
1137 2536 1190 2578 de
1222 2536 1465 2593 Republica

108 2589 236 2632 facile
267 2590 477 2647 ambigas,
500 2597 643 2634 utrum
662 2592 715 2634 de
738 2593 905 2635 iustitia
936 2599 979 2634 et
1008 2594 1166 2635 virtute
1196 2593 1456 2650 disputetur,

111 2661 165 2688 an
203 2646 256 2688 de
296 2648 459 2703 optima
498 2648 694 2704 civitate,
727 2651 848 2692 cuius
888 2650 1031 2706 imago
1066 2650 1278 2704 quaedam
1308 2650 1459 2693 adum-

109 2703 271 2746 bratur.
331 2702 420 2747 Sed
443 2720 528 2746 non
560 2711 628 2747 est
657 2707 774 2761 quod
804 2707 929 2763 plura
959 2705 1086 2748 huius
1116 2707 1233 2749 modi
1263 2708 1462 2765 exempla

111 2774 505 2815 commemoremus,
539 2777 647 2816 quae
679 2779 700 2804 e
733 2763 914 2820 singulis
946 2763 1033 2805 fere
1057 2763 1251 2807 Platonis
1283 2765 1459 2822 scriptis
