1644 3039
212 162 322 204 LVI

214 276 451 331 sapientem
483 274 746 326 intuebatur,
771 273 934 316 deleri-e
968 274 1281 328 constituisset.
1308 293 1405 318 eum
1435 277 1563 333 plane

215 332 344 373 alium
383 332 524 373 facere
567 330 764 385 profecto
796 347 882 373 non
911 332 1074 387 potuit,
1108 338 1338 387 propterea
1371 334 1489 388 quod
1519 334 1563 375 id

214 387 604 430 verisimilitudinis
647 386 814 442 legibus
867 396 959 429 erat
1009 389 1283 430 contrarium.
1353 390 1564 433 Exhibuit

214 446 348 501 igitur
370 445 459 486 eius
482 459 623 486 mores
645 450 687 484 et
712 445 921 486 rationem
941 444 995 486 ad
1027 446 1163 501 ipsam
1193 446 1309 487 vitae
1340 448 1564 489 veritatem

215 502 471 557 descriptos.
530 507 677 555 Atque
720 502 862 543 faeere
903 502 984 543 hoc
1015 502 1156 558 potuit
1186 517 1236 543 eo
1267 503 1425 545 maiore
1455 505 1563 557 iure,

216 558 334 614 quod
376 558 456 599 viri
502 557 687 598 virtutes
728 566 850 599 erant
890 566 977 600 tam
1018 558 1161 600 variae
1204 565 1246 599 et
1287 560 1563 616 multiplices,

215 623 262 657 ut
293 622 381 656 tum
414 615 615 671 gravitati
647 621 690 655 et
720 615 987 667 sublimitati,
1012 622 1103 656 tum
1136 615 1343 657 hilaritati
1376 624 1419 658 et
1446 614 1565 659 festi-

215 672 341 713 vitati
372 687 616 714 sermonum
645 671 773 726 plane
804 679 947 713 essent
986 671 1336 714 accommodatae
1367 674 1422 728 ὴ).
1482 674 1566 716 His

216 737 359 770 autem
404 729 495 770 eius
535 728 767 770 virtutibus
811 728 928 783 quod
969 728 1174 770 adiuncta
1205 735 1305 770 sunt
1335 730 1494 784 placita
1525 737 1568 772 et

217 786 414 839 decreta,
462 801 572 840 quae
614 795 775 826 certum
822 792 889 826 est
919 786 1058 841 ipsum
1087 802 1174 827 non
1204 786 1421 842 tenuisse,
1454 788 1566 829 hanc

214 843 430 884 licentiam
470 843 642 898 poetico
683 841 928 897 philosophi
971 842 1144 899 ingenio
1183 857 1233 883 eo
1264 843 1432 885 facilius
1464 860 1566 886 con-

216 899 461 941 donandam
492 899 764 952 arbitramur,
790 915 875 952 quo
908 899 1065 941 clarius
1086 906 1207 955 patet
1229 899 1399 942 Socrati
1428 901 1566 957 ipsius

216 957 412 999 Platonis
445 956 684 997 doctrinam
716 956 862 1009 tribui,
891 962 933 996 et
964 971 1048 1010 quo
1082 957 1240 997 certius
1271 964 1444 999 constat
1475 973 1568 999 eam

216 1014 425 1055 rationem
456 1029 552 1055 cum
583 1013 755 1068 pietatis
787 1013 1092 1054 testificatione
1119 1013 1252 1054 fuisse
1274 1015 1565 1067 coniunctam,

216 1071 277 1112 ita.
315 1077 362 1111 ut
400 1069 563 1111 fraudis
605 1069 795 1124 suspicio
838 1069 996 1110 nemini
1027 1070 1108 1111 nisi
1138 1069 1337 1125 malignis
1368 1072 1459 1113 eius
1492 1072 1567 1114 ob-

215 1127 524 1169 trectatoribus
555 1128 597 1166 in
629 1132 811 1167 mentem
843 1127 988 1167 venire
1019 1127 1222 1182 potuerit.

331 1183 462 1236 Quod
494 1190 635 1224 autem
668 1182 862 1235 Socrati,
898 1184 1057 1236 primas
1098 1184 1267 1239 agenti,
1302 1184 1437 1239 ipsius
1468 1184 1568 1225 Pla-

219 1241 331 1282 tonis
370 1240 530 1295 placita
571 1240 841 1291 tribuuntur,
886 1239 999 1280 idem
1036 1239 1313 1281 iudicandum
1346 1246 1411 1281 est
1441 1241 1567 1282 etiam

217 1297 269 1338 de
307 1297 401 1339 aliis
442 1296 741 1352 philosophis,
785 1311 894 1350 quos
941 1295 1201 1338 disserentes
1242 1296 1413 1338 induxit
1443 1304 1486 1339 et
1517 1312 1569 1338 ex

218 1370 401 1409 quorum
444 1353 643 1394 doctrina
689 1352 976 1408 philosophus
1018 1353 1223 1408 profecit,
1266 1353 1473 1408 imprimis
1515 1354 1568 1395 de

218 1410 478 1452 Parmenide
508 1417 550 1451 et
581 1410 773 1450 Timaeo.
835 1410 946 1450 Nam
988 1425 1097 1464 quae
1132 1411 1192 1450 illi
1224 1411 1266 1450 in
1297 1410 1419 1451 libris
1450 1411 1567 1466 ipso-

216 1483 310 1508 rum
342 1468 514 1508 nomine
546 1466 764 1522 inscriptis
791 1465 1026 1517 disserunt7
1051 1481 1101 1507 ea
1123 1473 1239 1507 certe
1260 1482 1356 1507 cum
1377 1467 1568 1522 ipsorum

218 1525 404 1566 decretis
437 1523 771 1578 haudquaquam
803 1523 917 1563 omni
949 1538 1002 1563 ex
1029 1530 1152 1578 parte
1173 1523 1465 1575 consentiunt,
1491 1523 1569 1565 sed

219 1581 445 1623 continent
473 1581 670 1621 Platonis
703 1579 962 1621 sententiam
989 1580 1044 1620 ad
1076 1595 1221 1621 eorum
1252 1581 1462 1621 rationem
1494 1580 1569 1621 ad·-

219 1639 474 1679 umbratam.
535 1637 606 1678 De
649 1653 733 1691 qua
767 1652 811 1677 re
853 1637 953 1690 quia
994 1644 1228 1691 perspecto
1261 1636 1432 1678 demum
1462 1638 1569 1678 Par-

219 1695 406 1736 menidis
449 1701 492 1735 et
523 1694 690 1735 Timaei
733 1699 988 1749 argumento
1028 1700 1143 1735 recte
1189 1699 1333 1748 potest
1372 1694 1569 1742 iudicari,

220 1752 304 1793 alio
334 1759 530 1806 tempore
562 1758 603 1791 et
633 1751 728 1792 loco
755 1749 1046 1805 dispiciemus.
1106 1751 1236 1792 Nunc
1266 1766 1404 1805 pauca
1436 1750 1569 1792 adda-

220 1824 314 1850 mus
365 1808 418 1849 de
466 1808 549 1848 alia
596 1806 789 1862 fingendi
837 1807 1039 1860 licentia,
1083 1822 1210 1861 quam
1247 1807 1423 1849 Platoni
1462 1808 1568 1849 vitio

218 1872 441 1907 verterunt
463 1865 553 1906 eius
573 1865 902 1916 obtrectatores,
925 1863 1133 1918 imprimis
1146 1864 1394 1906 Athenae
1411 1864 1569 1918 us**);

220 1938 305 1976 quo
336 1923 452 1963 facto
486 1921 540 1962 ad
571 1921 749 1962 alteram
779 1920 905 1961 huius
938 1920 1244 1976 disputationis
1274 1928 1440 1977 partem
1470 1937 1571 1977 pro-

219 1978 479 2035 grediemur.

332 2036 551 2077 Dictitant
599 2034 713 2074 enim
759 2033 821 2074 illi
871 2039 1114 2088 temporum
1165 2034 1376 2075 rationem
1418 2050 1570 2089 saepe-

220 2108 398 2134 numero
439 2093 491 2134 ab
534 2107 583 2133 eo
622 2091 682 2131 ita
721 2105 813 2131 esse
844 2089 1110 2145 neglectam,
1142 2097 1189 2131 ut
1219 2091 1361 2132 omnia
1391 2091 1570 2133 mirifice

219 2149 568 2205 perturbaverit,
601 2148 778 2201 eiusque
818 2146 1057 2188 sententiae
1089 2154 1342 2203 argumenta.
1370 2154 1571 2203 repetunt

222 2222 273 2247 ex
305 2205 544 2259 Convivio,
577 2203 803 2256 Phaedro,
843 2202 1126 2257 Parmenide,
1159 2204 1429 2258 Menexeno,
1462 2204 1570 2246 Pro-

222 2269 400 2319 tagora,
443 2263 536 2304 aliis
581 2260 863 2305 sermonibus.
933 2261 1001 2301 Ac
1051 2261 1246 2316 profecto
1288 2261 1437 2317 negari
1482 2277 1570 2303 non

221 2326 368 2376 potest
388 2320 613 2361 Platonem
644 2319 688 2359 in
719 2317 916 2372 personis
947 2317 1035 2358 suis
1066 2317 1350 2359 informandis
1383 2317 1569 2359 subinde

223 2377 375 2419 aetatis
408 2376 750 2419 convenientiam
781 2373 1026 2430 neglexisse
1047 2373 1243 2429 adeoque
1276 2390 1327 2416 ea
1356 2374 1569 2416 interdum

223 2449 594 2487 commemorasse,
617 2447 727 2488 quae
756 2430 829 2472 illo
859 2436 1067 2487 tempore,
1090 2446 1175 2486 quo
1208 2431 1469 2487 colloquium
1494 2429 1570 2472 ha-

270 2635 300 2672 *l
328 2637 368 2666 V.
396 2637 508 2677 ipsum
536 2637 716 2669 Platonem
741 2634 902 2677 Sympos.
930 2647 958 2667 (τ.
987 2638 1040 2670 32.
1067 2649 1143 2679 sqq.

248 2679 301 2719 *Ὅ
326 2681 495 2723 Deipnos.
524 2684 566 2714 V.
593 2683 645 2717 18.
671 2683 789 2724 ibique
815 2681 957 2714 Casan
971 2683 1001 2714 b.
1030 2694 1060 2723 p.
1090 2684 1166 2717 217.
1197 2682 1223 2713 C
1265 2682 1307 2713 cf.
1337 2679 1498 2719 Messssg·
1525 2679 1567 2709 “d

317 2724 421 2765 Dion.
450 2729 566 2762 Laert.
589 2729 656 2761 111.
683 2728 737 2763 35.
763 2740 794 2770 p.
824 2728 900 2762 152.
