1644 3039
1320 198 1481 240 LXXI

219 315 368 357 singulis
394 316 551 358 partibus
579 315 827 358 praemissam⁹
854 323 921 354 qua
946 314 1061 345 editor
1086 314 1306 345 acutissimus
1331 314 1480 354 plerum-

219 383 287 414 que
300 374 337 406 id
352 374 437 414 agit,
455 378 495 405 ut
507 373 680 412 ostendat,
696 380 757 403 cur
772 371 900 412 ubique
927 375 1066 403 secutus
1093 372 1138 402 sit
1163 371 1266 402 unius
1292 371 1480 402 alteriusve

216 431 348 462 codicis
383 431 647 470 auctoritatem,
681 428 740 470 qui
771 428 896 458 merito
934 427 1105 460 habeatur
1144 427 1478 470 praestantissimus.

15 500 21 517 i
217 487 261 519 In
287 498 356 529 quo
381 488 531 520 fatemur
555 497 621 519 nos
645 486 688 518 ab
714 495 756 516 eo
783 485 968 516 dissentire
993 486 1213 526 longissime,
1241 485 1301 527 qui
1327 485 1478 525 optimo-

14 523 27 595 Ξ
217 554 294 576 rum
318 545 486 578 librorum
514 544 694 585 seripturis
720 544 770 573 ita
793 542 962 572 utendum
985 552 1199 579 censeamus,
1223 546 1263 573 ut
1287 542 1365 573 aliis
1392 551 1478 582 quo·

15 599 20 672 J
218 612 284 644 que
320 603 501 635 codicibus
533 603 627 633 iusta
658 600 878 640 impertiatur
908 599 1088 639 dignatio,
1114 599 1399 641 quandoquidem
1425 598 1481 630 vel

219 660 372 700 optimos
398 660 498 691 codd.
524 668 545 690 a
570 657 805 699 grammaticis
831 660 960 688 temere
987 667 1089 697 saepe
1114 658 1150 688 in
1173 667 1208 688 re
1238 657 1358 688 critica
1383 666 1479 696 gras·

13 695 17 743 i
217 716 302 748 satis
318 716 497 757 profectos
516 725 592 747 esse
617 714 721 746 nobis
736 714 840 755 plane
854 714 1102 753 persuasimus.
1152 715 1185 745 A
1212 723 1279 754 qua
1305 713 1480 744 sententia

215 772 366 813 profecti
395 775 462 806 hac
493 782 630 815 quoque
663 772 700 803 in
732 772 886 803 editione
911 780 931 801 a
957 772 1024 802 viri
1049 772 1150 803 nobis
1182 771 1360 812 quondam
1392 771 1480 801 ami-

11 801 16 862 i
216 829 347 861 cissimi
372 831 507 863 ratione
520 829 726 871 longissime
743 838 847 870 saepe
869 828 1107 860 discessimus.
1156 828 1318 860 Ceterum
1343 832 1479 859 sextum

8 866 19 919 i·
215 887 380 919 volumen
410 888 515 919 huius
547 887 664 928 operis
693 886 851 917 continet
875 887 980 918 etiam
1007 884 1150 916 Scholia
1176 883 1328 925 Graeca,
1354 885 1479 917 Albini

218 948 254 976 et
284 944 427 977 Alcinoi
453 945 646 986 Isagogen,
676 942 921 985 Olympiodori
949 943 1062 975 Vitam
1095 943 1256 974 Platonis
1274 966 1282 982 ‚
1311 942 1480 983 Prolego-

215 1000 317 1033 meffia
339 1002 587 1044 philosophiae
612 1001 817 1033 Platonicae
850 1010 975 1042 graece
1001 1000 1130 1041 scripta
1154 1000 1279 1032 incerti
1312 1000 1480 1039 auctoris,

216 1057 355 1091 Timaei
390 1057 658 1099 Onomasticon,
695 1068 786 1100 quae
823 1058 941 1090 omnia
976 1058 1104 1099 partim
1139 1067 1182 1089 ex
1221 1057 1324 1089 codd.
1356 1066 1479 1089 recens

217 1115 353 1148 collatis
379 1117 563 1149 emendata
588 1120 678 1149 sunt.
726 1115 793 1147 His
808 1115 969 1147 omnibns
994 1125 1078 1146 vero
1093 1115 1195 1146 etiam
1213 1115 1348 1146 accedit
1371 1115 1480 1146 index

214 1173 393 1204 nominum
423 1174 647 1215 propriorum
683 1173 738 1204 vel
771 1174 808 1204 in
841 1173 918 1213 ipso
944 1172 1093 1204 Platone
1119 1172 1175 1203 vel
1199 1172 1234 1203 in
1262 1171 1414 1204 Scholiis
1446 1177 1480 1203 et

216 1230 483 1271 Appendicibus
522 1230 717 1264 obviorum.
766 1230 887 1261 Editio
920 1230 1106 1261 utilissima
1141 1229 1278 1265 futura,
1306 1229 1374 1260 nisi
1411 1230 1480 1260 cla-

213 1286 373 1319 rissimus
400 1287 514 1318 editor
545 1288 690 1318 nimium
716 1287 992 1328 obtemperasset
1018 1287 1060 1318 iis
1086 1286 1266 1319 codicibus
1294 1297 1395 1323 mse.,
1421 1287 1481 1328 qui

213 1342 386 1375 habentur
411 1344 534 1385 optimi
558 1354 668 1385 eaque
691 1345 826 1376 ratione
841 1354 917 1376 sese
932 1344 1002 1375 illis
1018 1348 1183 1384 tanquam
1197 1344 1478 1385 mancipavisset.

258 1400 420 1442 Denique
448 1401 674 1432 memoranda
699 1406 751 1433 est
767 1403 1011 1433 universorum
1033 1400 1189 1432 Platonis
1211 1411 1354 1442 operum
1371 1401 1479 1433 editio

216 1456 496 1499 Parisina,quae
515 1458 650 1490 duobus
666 1459 846 1491 Volumin.
873 1458 1052 1501 quaternis
1078 1458 1171 1498 apud
1196 1458 1479 1491 Ambros.Firm.

214 1513 371 1555 Didot‚
397 1515 654 1547 nobilissimum
692 1515 952 1558 typographum
983 1519 1019 1546 et
1053 1515 1300 1557 bibliopolam,
1333 1516 1478 1557 prodiit.

216 1570 387 1603 Volumen
424 1573 499 1604 eius
539 1574 747 1613 secundum,
782 1574 824 1605 ab
861 1573 950 1605 Car.
988 1572 1031 1603 E.
1071 1571 1142 1603 Ch.
1178 1571 1479 1613 Schneidero,

215 1627 507 1666 Vratislaviensi,
537 1635 693 1662 curatum
729 1631 825 1672 prius
851 1641 955 1672 quam
981 1630 1132 1671 primum
1158 1631 1322 1662 volumen
1347 1630 1481 1671 prodiit

214 1685 283 1717 iam
307 1696 338 1720 a.
367 1687 468 1722 1846.
492 1687 523 1722 4.
549 1688 782 1729 complectens
808 1687 992 1727 Polstiam,
1018 1687 1213 1726 Timaeum,
1238 1687 1365 1728 Leges,
1390 1687 1477 1728 Epi-

215 1745 409 1781 nomidem,
434 1745 631 1786 Epistolas,
655 1745 909 1784 Definstiones,
940 1755 1028 1786 quos
1062 1745 1172 1777 libros
1208 1745 1323 1776 editor
1356 1745 1477 1776 soller-

215 1801 369 1833 tissimus
412 1803 562 1833 maxime
598 1803 642 1833 ad
683 1802 785 1833 fidem
819 1801 969 1833 Parisini
1011 1802 1141 1833 codicis
1184 1801 1479 1842 praestantissimi

215 1858 423 1890 emendavit.
476 1858 645 1889 Volumen
678 1859 838 1899 primum,
869 1859 1006 1899 reliqua
1032 1858 1214 1889 continens
1241 1859 1370 1899 scripta
1398 1857 1479 1889 Pla-

213 1914 319 1952 tonis,
343 1914 475 1945 editum
500 1919 552 1946 est
577 1915 712 1946 demum
738 1926 769 1947 a.
797 1915 896 1949 1856.
924 1920 1080 1947 curatum
1105 1926 1125 1947 a
1151 1915 1193 1947 R.
1217 1913 1258 1946 B.
1275 1914 1478 1946 Hirschi·

214 1971 301 2011 gio,
325 1971 383 2012 qui
411 1972 548 2003 criticas
575 1973 792 2013 suspiciones
820 1983 899 2004 suas
925 1973 1072 2012 addidit,
1100 1973 1225 2014 quibus
1252 1981 1355 2013 saepe
1380 1971 1478 2002 festi·

212 2027 354 2059 nautius
390 2027 571 2060 Platonem
602 2039 699 2060 snum
735 2030 930 2061 exornavit.
987 2029 1148 2061 Ceterum
1179 2034 1325 2070 utraque.
1359 2028 1476 2071 operis

212 2093 293 2125 para
318 2084 472 2117 additam
496 2085 603 2117 habet
630 2087 955 2128 interpretationem
976 2086 1150 2120 Latinam.

120 2140 245 2174 Latine
274 2151 463 2174 conversus
498 2142 600 2175 Plato
633 2145 781 2184 primum
809 2149 862 2176 est
886 2155 906 2176 a
931 2144 1142 2176 Marsilio
1169 2143 1349 2182 Ficino‚
1375 2143 1475 2174 cuius

211 2199 453 2239 interpretatio
479 2200 627 2241 primum
654 2202 784 2241 prodiit
799 2201 954 2233 Florent.
972 2200 1073 2234 148‘2.
1088 2201 1215 2232 deinde
1229 2201 1355 2232 Venet.
1371 2198 1473 2234 1491-

212 2254 272 2286 fol.
297 2257 436 2288 tertium
466 2256 577 2288 Paris.
611 2257 710 2291 1518.
743 2257 802 2289 foi.
835 2259 869 2290 in
898 2258 1044 2290 aedibus
1071 2258 1219 2291 Ascens.
1267 2257 1474 2288 Tenendum

212 2316 264 2342 est
296 2316 412 2344 autem
445 2324 519 2345 eam
551 2315 633 2346 inde
660 2314 702 2346 ab
726 2324 756 2347 a.
784 2313 884 2348 1532.
916 2315 988 2347 fere
1021 2315 1197 2356 prodiisse
1223 2318 1415 2346 correctam
1440 2317 1475 2345 et

211 2368 506 2402 accommodatam
538 2371 582 2403 ad
615 2370 786 2403 Graecam
819 2372 1033 2410 orationem,
1068 2372 1206 2412 qualem
1231 2370 1408 2412 Oporinus
1440 2375 1474 2402 et

211 2425 271 2457 alii
297 2425 592 2466 conformasscnt,·
614 2428 707 2460 unde
731 2432 844 2469 patet,
872 2429 965 2470 quod
1002 2438 1109 2470 supra
1139 2428 1309 2465 diximus,
1335 2427 1473 2468 priores

211 2486 343 2514 tantum
377 2482 548 2514 editiones
579 2484 708 2517 habere
740 2494 840 2516 usum
871 2485 1040 2517 criticum.
1092 2482 1207 2522 Quum
1238 2485 1331 2516 enim
1364 2484 1471 2516 inter-

210 2548 290 2579 pres
314 2538 387 2571 fere
414 2539 521 2571 verba
544 2541 659 2573 verbis
684 2542 888 2581 reddiderit,
909 2551 1011 2581 saepe
1031 2541 1115 2583 quid
1132 2542 1168 2573 in
1194 2541 1373 2573 codicibus
1399 2541 1472 2574 suis

212 2596 378 2637 scriptum
403 2598 584 2638 repererit,
609 2600 783 2631 coniicere
807 2599 898 2630 lieet.

121 2651 448 2694 Interpretatio
484 2654 644 2686 Platonis
675 2665 694 2686 a
728 2655 830 2687 Iano
861 2652 1075 2687 cornerio
1109 2653 1201 2685 edita
1231 2654 1341 2686 Basil.
1367 2653 1469 2688 1561.

211 2708 273 2741 fol.
300 2709 444 2742 liberior
466 2715 519 2741 est
542 2714 576 2742 et
595 2712 704 2753 magis
726 2722 864 2744 sensum
884 2721 986 2753 quam
1002 2711 1105 2742 verba
1125 2711 1251 2742 reddit.
1301 2710 1393 2743 Usus
1419 2717 1470 2743 est

210 2764 453 2798 Cor-narius
495 2765 613 2799 codice
641 2767 1002 2805 Hassisteniano,
1028 2767 1124 2798 ouius
1149 2767 1313 2800 lectiones
1339 2768 1469 2810 passini¹
