1644 3039
198 177 277 217 170
708 176 1091 224 PLATONIS

191 312 298 352 μσς,
341 297 412 338 καὶ
455 291 606 345 ἄλλοι,
649 291 748 337 ὅσοι
789 296 877 337 τῶν
912 293 1114 350 ἡμιθέων
1149 298 1309 340 δίκαιοι
1345 300 1542 350 ἐγένοντο

194 367 240 404 ὲν
275 364 334 415 τῷ
370 364 538 405 ἑαυτῶν
572 363 677 416 βίῳ,
719 355 808 415 ἆρα
843 362 994 421 φαύλη
1029 360 1087 405 ἂν
1123 364 1186 416 εἴη
1224 361 1249 415 ἡ
1284 361 1543 418 ἀποδημίας

195 426 220 481 ἢ
266 423 322 472 αὖ
363 429 512 487 Ὀρφεῖ
547 429 834 482 ξυγγενέσθαι
888 433 960 471 καὶ
1015 432 1235 484 Μουσαίῳ
1280 433 1353 472 καὶ
1381 428 1544 473 ‘How‘-

195 498 255 551 δῳ
292 498 364 539 καὶ
393 495 565 552 Ὁμήρῳ
612 499 677 538 ἐπὶ
723 495 842 550 πόσῳ
887 495 945 539 ἄν
992 513 1055 546 τις
1099 496 1245 549 (δέξαιτ’
1298 494 1355 540 ἂν
1397 495 1544 552 ὑμῶνς

194 562 273 616 ἐγώ
304 565 383 617 μὲν
419 562 503 618 γὰρ
541 562 751 613 πολλάκις
786 566 924 605 ἐθέλω
963 563 1199 618 τεθνάναι,
1230 569 1265 606 εὶ
1285 563 1401 607 ταῦτ’
1429 567 1544 606 ἐστὶν

193 629 379 682 ἀληθῆ·
424 632 513 673 ἐπεὶ
557 633 700 683 ἔμοιγε
743 636 829 677 καὶ,
860 629 980 685 αὐτῷ
1020 630 1264 687 θαυμαστὴ
1309 629 1366 674 ἂν
1417 631 1480 683 εἴη
1518 629 1543 683 ἡ

193 696 395 753 διατριβὴ
450 696 643 748 αὐτόθι,
703 695 833 740 ὁπότε
890 698 1111 754 ἐντύχοιμι
1155 698 1420 755 Παλαμήδει
1473 701 1546 741 καὶ

201 765 358 809 Αἴαντι
392 767 453 820 τῷ
499 763 764 819 Τελαμῶνος
799 767 869 808 καὶ
908 765 946 807 εἴ
981 783 1044 816 τις
1079 765 1212 816 ἄλλος
1255 769 1342 809 τῶν
1386 769 1546 809 παλαι-

192 834 254 875 ῶν
298 830 368 875 διὰ
415 835 555 887 κρίσιν
597 831 753 875 ἄδικον
805 836 1043 884 τέθνηκεν·
1103 832 1545 890 αντιπαραβάλλοντι

193 898 247 942 τα
295 902 489 956 ἐμαυτοῦ
525 898 659 952 πάθη
708 896 818 955 πρὸς
856 898 909 942 τὰ
947 905 1140 952 ἐκείνων,
1191 899 1247 951 ὡς
1292 899 1370 956 ἐγώ
1410 899 1545 955 οἶμαι,

288 1052 327 1086 Β.
379 1051 650 1095 Παλαμήδει]
704 1051 742 1085 V.
771 1050 974 1095 Παλαμήδῃ,
1004 1054 1096 1096 quod
1123 1064 1189 1086 non
1215 1055 1320 1096 magis
1348 1054 1380 1086 in
1406 1064 1467 1085 usu
1495 1058 1548 1086 est

194 1107 295 1139 quam
323 1097 501 1140 Σωκράτῃ.
552 1099 675 1130 Veram
703 1099 904 1140 scripturam
931 1101 1029 1132 codd.
1062 1102 1211 1142 plerique
1237 1111 1351 1133 omnes
1377 1100 1546 1142 praebue-

194 1148 291 1186 runt3
316 1150 430 1177 tuetur
454 1145 556 1177 etiam
581 1144 763 1175 Eusebius.

286 1191 352 1221 καὶ
385 1189 434 1232 δὴ
469 1188 512 1222 τὸ
544 1190 778 1232 μέγιστον]
814 1191 856 1221 V.
883 1192 937 1223 καὶ
971 1190 1012 1233 δὴ
1046 1191 1099 1222 καὶ
1133 1189 1233 1231 τόμμ.
1269 1190 1363 1232 quod
1397 1192 1547 1222 servavit

198 1236 325 1268 Bekk.
375 1237 486 1269 Recte
519 1237 572 1267 καὶ
599 1247 666 1268 om.
690 1236 791 1268 Bodl.
828 1237 900 1271 Vat.
926 1238 1012 1270 Ven.
1040 1237 1072 1269 b.
1103 1238 1196 1269 vind.
1221 1238 1252 1272 1.
1278 1238 1308 1272 6.
1337 1237 1427 1269 Flor.
1454 1236 1486 1268 d.
1513 1247 1535 1278 g

195 1281 224 1313 Ιι.
252 1282 329 1316 Par.
353 1283 462 1315 DST.

287 1330 347 1360 τίς
381 1326 519 1361 αὐτῶν
550 1327 689 1368 σοφός
720 1327 832 1372 ἐστι]
880 1329 979 1361 Bodl.
1016 1329 1099 1360 vat.
1131 1329 1216 1361 Ven.
1247 1329 1279 1360 b.
1313 1328 1414 1360 Vind.
1447 1328 1479 1361 1.
1513 1328 1545 1362 6.

196 1373 287 1408 Flor.
307 1375 338 1407 d.
354 1386 386 1417 g.
407 1376 436 1410 h.
454 1376 532 1407 Par.
555 1375 656 1408 DST.
682 1377 730 1407 τίς
754 1372 795 1406 ἄν
820 1372 942 1409 αὐτῶν,
993 1376 1094 1409 Quae
1121 1375 1330 1407 constructio
1357 1375 1383 1405 si
1411 1374 1546 1406 aliunde

193 1421 277 1452 satis
302 1422 428 1454 firmari
455 1423 575 1464 possit,
601 1422 715 1454 iudice
740 1422 986 1455 Hermanno
1014 1422 1063 1453 De
1080 1421 1174 1455 Part.
1199 1419 1250 1455 ἄν.
1278 1432 1309 1463 p.
1326 1421 1383 1455 43.
1407 1420 1448 1453 ad
1467 1431 1546 1452 sen·

242 1534 307 1567 ἑπὶ
345 1533 463 1579 πόσῳ
498 1534 548 1567 ἅν
579 1545 641 1568 τις
680 1532 838 1576 δέξαιτ’

196 1578 244 1612 ἂν
275 1579 429 1625 ὐμῶις]
472 1582 656 1615 Cicero.
689 1582 837 1623 quanti

196 1628 360 1661 tandem
424 1628 698 1662 aestimatis?
759 1628 839 1660 Xe-

196 1674 316 1716 noph.
351 1674 456 1708 Mem.
481 1675 519 1706 11
559 1676 597 1713 2,
623 1674 656 1708 8.
694 1671 773 1705 ἀλλὰ
798 1671 839 1715 νὴ

909 1538 955 1568 Α.
975 1536 1149 1577 Explicavi
1169 1535 1254 1568 hunc
1269 1538 1423 1570 vocabuli
1447 1548 1546 1570 usum

910 1582 950 1614 ad
970 1581 1205 1625 Euthyphron.
1233 1594 1263 1624 p.
1283 1584 1303 1617 2
1320 1594 1369 1624 sq.
1394 1584 1449 1616 De
1470 1584 1545 1615 Pa-

911 1631 946 1661 la
958 1639 987 1660 m
1002 1639 1018 1659 e
1030 1627 1048 1659 d
1062 1639 1079 1659 e
1105 1628 1146 1659 ab
1168 1632 1318 1662 exercitu
1334 1630 1546 1662 Graecorum

909 1675 1073 1714 lapidibus
1123 1674 1305 1708 interemto
1351 1681 1547 1718 propterea,

196 1720 267 1752 Δία
299 1721 402 1762 λέγει,
440 1719 460 1752 ἃ
488 1717 553 1752 οιῖκ
578 1718 619 1752 ἄν
645 1729 692 1751 τις
714 1719 766 1751 ἐπὶ
795 1721 839 1762 τῷ

196 1766 262 1809 βίῳ
310 1768 406 1798 παντὶ
447 1765 611 1808 βαύλοιτο
656 1763 752 1798 εἶναι.
791 1767 835 1798 cf.

198 1812 414 1846 Matthiae
448 1816 478 1854 ξ.
511 1814 590 1848 505.
636 1814 674 1847 B.
714 1814 834 1845 Rost.

196 1860 224 1900 ἓ.
250 1860 327 1893 120.
355 1864 426 1891 not.
451 1860 485 1894 4.

242 1903 316 1947 ἐγώ
366 1904 438 1945 μὲν
493 1904 569 1947 γὰρ
626 1903 835 1937 πολλάκις

197 1951 337 1983 ἐθέλω
364 1950 601 1994 τεθνάναι]
631 1953 679 1983 De
696 1951 759 1983 lioc
775 1961 835 1983 usu

196 1998 289 2029 verbi
317 1995 479 2028 τεθνάναι
509 2008 538 2029 v.
572 1998 612 2029 ad
646 2009 676 2038 p.
702 1997 757 2031 30.
799 1998 835 2028 Β.

198 2054 271 2085 cap.
290 2043 403 2076 XVll.
426 2049 511 2075 extr.
531 2044 701 2076 Eusebius
722 2043 836 2074 habet:

199 2088 264 2131 ἐγώ
279 2100 338 2128 μεν
356 2090 409 2121 καὶ
426 2088 598 2121 noudum:
616 2089 704 2121 unde
720 2089 746 2121 H
761 2090 837 2120 ein-

200 2135 313 2167 dorsi
325 2146 372 2166 us
397 2137 632 2177 suspicabatur
661 2136 835 2166 Platonem

199 2182 394 2223 scripsisse·
421 2179 486 2224 ἐμὰ
511 2182 571 2222 μὲν
596 2193 658 2224 γαρ
685 2182 738 2212 καὶ
758 2181 837 2211 πολ.-

200 2225 292 2259 arim
332 2233 397 2262 etv.
453 2230 521 2260 Sed
562 2239 626 2260 non
663 2238 748 2270 opus
786 2230 839 2258 est

200 2275 400 2306 mutatione.
438 2275 494 2307 De
520 2274 582 2306 hoc
609 2285 673 2306 usu
699 2274 840 2306 voculae

202 2317 278 2361 γάρ,
306 2330 373 2360 quo
399 2321 440 2352 ad
467 2321 665 2352 sententiam
694 2320 840 2352 refertur

202 2377 242 2398 ex
274 2367 396 2398 ceteris
434 2367 546 2398 verbis
581 2367 680 2399 facile
718 2366 838 2398 intelli-

201 2411 346 2453 gendam
378 2422 406 2442 ν,
434 2413 679 2445 Buttmann.
707 2412 746 2443 ad
775 2412 840 2443 So-

202 2457 329 2499 phoclis
370 2457 547 2490 Pliiloctet.
577 2470 606 2490 v.
650 2459 743 2494 756..
786 2457 839 2499 qui

202 2514 277 2536 earn
327 2503 536 2536 reddendam
591 2510 708 2537 censet
749 2514 842 2546 pro·

202 2550 340 2589 secto,
365 2560 477 2582 sane.

249 2591 492 2638 ἠδιατριβὴ
522 2592 704 2637 αὐτόθι]
738 2594 840 2636 Opti-

204 2651 258 2674 me
300 2641 503 2675 Wolfiusx
550 2639 839 2675 Conversatio

204 2686 509 2727 delectabilis,
536 2689 569 2721 si
588 2686 780 2730 colloqui
798 2686 840 2717 li-

205 2733 321 2765 cebit
352 2745 444 2767 cum
479 2736 521 2767 D.
556 2739 620 2767 etc.
652 2734 694 2768 cf.
728 2746 759 2776 p.
784 2731 839 2766 41.

908 1720 998 1763 quod
1026 1719 1111 1750 dolis
1149 1725 1182 1751 et
1215 1721 1388 1754 fraudibus
1417 1722 1549 1763 Ulyssis

908 1769 939 1799 in
968 1765 1171 1808 proditionis
1194 1770 1420 1810 suspicionem
1441 1768 1547 1800 addu-

905 1819 981 1845 ctus
1009 1816 1093 1849 erat,
1120 1818 1199 1844 nota
1221 1819 1298 1846 snut
1313 1815 1439 1847 omnin.
1457 1815 1546 1846 conf.

906 1859 1097 1899 Heynius
1115 1858 1254 1893 Excurs.
1274 1862 1315 1893 ad
1343 1861 1457 1895 virgil.
1478 1862 1548 1892 Ae-

906 1905 993 1937 neid.
1018 1904 1065 1936 11.
1089 1904 1145 1938 81.
1177 1910 1211 1937 et
1236 1919 1324 1949 quae
1350 1906 1391 1938 de
1420 1916 1548 1948 cogno-

908 1952 995 1984 mine
1034 1951 1207 1992 Euripidis
1238 1954 1351 1985 fabula
1390 1951 1550 1984 disseruit.

909 1998 1111 2029 Valckenar.
1157 1998 1297 2031 Diatrib.
1347 1999 1389 2030 de
1430 1998 1548 2038 fragm.

909 2043 1024 2083 Eurip.
1052 2054 1082 2083 p.
1111 2043 1177 2077 190
1200 2056 1249 2085 sq.
1298 2045 1383 2076 Eius
1415 2043 1548 2075 fortuna

910 2089 1073 2121 Socrates
1112 2099 1167 2130 ap.
1210 2090 1397 2132 Xenopli.
1445 2089 1547 2122 Mem.

908 2136 971 2167 IV.
1010 2135 1050 2174 2,
1095 2135 1149 2168 33.
1189 2147 1226 2168 se
1266 2137 1472 2168 consolatur.
1505 2153 1548 2158 -—

911 2182 1020 2213 Aiax
1052 2180 1358 2221 Telamonius,
1399 2182 1547 2212 oninium

909 2227 1118 2258 Graecorum
1147 2234 1225 2268 post
1246 2228 1403 2260 Achillem
1429 2228 1548 2258 fortis-

910 2274 1032 2315 simus,
1063 2283 1164 2313 quum
1192 2285 1283 2306 arma
1312 2272 1454 2306 Achillis
1483 2283 1548 2304 non

911 2320 1103 2359 accepisset
1120 2323 1154 2351 et
1171 2320 1282 2362 iniquo
1298 2320 1419 2352 iudicio
1437 2318 1548 2359 Ulyssi

911 2371 1004 2397 esset
1031 2367 1263 2407 postpositiis‚
1297 2367 1421 2398 insania
1457 2375 1547 2396 nien-

911 2411 952 2442 tis
978 2417 1155 2452 correptus
1190 2423 1226 2443 se
1265 2413 1336 2454 ipse
1369 2411 1549 2443 interemit.

911 2457 976 2488 vid.
989 2457 1160 2489 Homer.
1172 2458 1294 2498 odyss
1311 2456 1346 2491 λ’.
1359 2469 1387 2492 ι.
1397 2457 1548 2498 545sqq.

956 2503 996 2534 B.
1035 2515 1083 2534 αι
1095 2502 1426 2546 τιταραβαίλοι
1437 2515 1470 2534 τι
1504 2522 1548 2526 -——

911 2545 1038 2590 arbes·
1061 2550 1148 2591 εἰη]
1179 2551 1274 2582 Haec
1302 2551 1402 2582 rerba
1429 2550 1548 2581 existi—

913 2606 968 2627 mo
1000 2596 1162 2637 interpret
1165 2597 1288 2628 ationis
1328 2606 1448 2628 caussa
1487 2596 1548 2627 ad-

912 2641 979 2673 dita
1012 2653 1088 2673 esse
1121 2643 1370 2685 superioribus:
1413 2641 1547 2681 θαυμα-

913 2685 972 2729 στὴ
1005 2685 1162 2729 διατριβή
1193 2689 1273 2726 mk,
1303 2688 1452 2730 ideoque
1482 2698 1548 2720 non

914 2738 965 2766 est
990 2734 1078 2776 quod
1107 2745 1180 2768 cnm
1197 2735 1356 2777 Vigero
1379 2734 1419 2766 ad
1438 2734 1548 2767 Euse-
