1644 3039
1142 179 1379 222 XXXVII

36 305 216 349 maxime
247 303 424 346 deditus
453 310 546 345 erat
574 300 828 357 disciplinae
860 299 1126 352 Socraticae,
1156 310 1294 351 usque
1325 295 1381 336 ad

37 361 230 419 magistri
260 361 425 404 obitum
456 368 499 402 et
521 358 665 414 paullo
690 363 791 413 post
810 356 891 398 hoc
913 363 1100 411 tempus.
1162 352 1381 407 Quorsum

132 533 372 574 Peripateticis
411 533 485 564 Yol.
518 531 586 562 111.
615 531 704 562 alter
734 530 769 560 in
802 529 997 560 Miscellan.
1032 528 1109 560 Lib.
1136 528 1189 560 lV.
1226 527 1311 566 Cap.
1341 526 1381 557 ll.

130 581 173 611 de
197 580 321 611 ordine
335 581 501 611 librorum
523 578 679 609 Platonis
696 576 902 618 disputavit.
952 574 1074 616 Neque
1091 575 1182 606 enim
1206 574 1258 605 illi
1284 573 1383 614 quid-

131 637 233 668 quam
274 626 310 657 in
342 625 492 657 medium
524 623 735 659 attulerunt,
768 623 862 663 quod
898 621 1004 653 hodie
1038 622 1114 652 usui
1151 630 1226 651 esse
1261 620 1385 660 possit.

130 674 185 704 Ac
215 673 354 704 silentio
378 672 481 702 etiam
509 671 566 702 lo.
599 669 832 700 Serranum
866 668 1107 698 transmissuri
1134 676 1288 703 eramus,
1316 666 1382 697 nisi

131 719 256 750 Henr.
301 717 550 758 Stephanus
589 721 623 746 et
655 715 814 746 Platonis
860 714 1011 744 editores
1053 713 1323 744 Francofurtani
1352 717 1386 742 et

132 764 313 806 Bipontini
352 764 506 795 ordinem
543 762 804 793 Platonicorum
835 761 1041 801 scriptorum
1073 760 1116 791 ab
1147 769 1187 790 eo
1217 760 1385 790 constitn-

132 818 203 842 tum
228 811 262 841 in
289 810 501 841 editionibus
523 810 596 840 suis
623 814 738 839 essent
763 807 912 847 sequuti.
959 805 1099 836 Etenim
1125 804 1304 836 distribuit
1329 805 1386 835 ille

131 857 293 896 dialogos
305 856 512 888 Platonisin
534 856 696 895 syzygias
722 864 807 894 quas
826 853 926 883 dixit.
977 852 1107 882 Earum
1132 861 1215 882 vero
1241 852 1387 891 primam

129 903 312 943 complecti
351 902 463 933 voluit
496 911 556 932 eos
589 901 714 932 libros.
747 900 804 940 qui
845 899 890 930 ad
922 897 1161 929 defensionem
1187 897 1387 927 Socraticae

130 949 278 980 rationis
289 958 329 979 ae
344 948 757 988 doctriiiaeperlincreut3
769 946 915 977 alteram
928 944 1056 975 habere
1065 944 1200 975 censuit
1209 952 1387 974 sermones

132 996 350 1036 isagogrcm,
381 995 439 1035 qui
473 1000 617 1034 agerent
649 993 692 1024 de
716 1002 800 1023 vera
824 990 1049 1032 philosophia
1075 993 1388 1030 oppugnarentque

133 1041 384 1082 sophisticam3
408 1040 547 1071 tertiam
563 1040 753 1071 arbitratus
769 1043 821 1069 est
846 1037 1024 1068 continere
1051 1036 1211 1076 dialogos
1236 1036 1388 1075 logicos:

133 1093 296 1130 quartam
326 1087 461 1118 ethicos
493 1086 673 1127 generales
702 1090 736 1116 et
767 1083 953 1125 speciales3
981 1084 1138 1124 quintam
1167 1082 1331 1123 physicos
1357 1086 1390 1111 et

134 1133 413 1174 metaphysieos3
438 1137 571 1164 sextam
602 1132 769 1174 epistolas
805 1137 839 1160 et
870 1130 979 1160 libros
1001 1129 1139 1170 spurios
1166 1138 1206 1159 ac
1229 1127 1387 1169 supposi

134 1180 249 1211 ticios.
304 1177 404 1217 Quae
448 1179 588 1219 quidem
620 1179 706 1210 satis
736 1182 788 1209 est
824 1177 944 1218 paucis
983 1175 1205 1206 indicavisse.
1257 1175 1390 1215 Sponte

136 1226 228 1257 enim
259 1230 406 1265 apparet
438 1224 683 1256 Serranum
716 1228 890 1263 utcunque
922 1222 996 1252 fieri
1028 1225 1149 1263 posset
1177 1221 1284 1252 libros
1312 1220 1390 1251 Pla-

135 1272 230 1303 tonis
262 1275 545 1311 argumentorum
580 1275 612 1300 et
644 1270 868 1302 consiliorum
909 1268 1029 1298 habita
1060 1268 1197 1298 ratione
1230 1267 1265 1297 in
1298 1271 1393 1297 certa

137 1317 305 1359 quaedam
341 1326 469 1356 genera
499 1317 740 1357 descripsisse,
766 1316 839 1346 sive
872 1318 909 1344 ut
940 1315 1014 1355 ipse
1040 1324 1099 1344 cos
1123 1318 1216 1344 certo
1241 1313 1392 1354 quodam

137 1364 263 1396 ordine
289 1363 537 1404 interpretatus
559 1372 634 1393 esse
671 1362 858 1395 videretur.
880 1360 954 1391 sive
987 1365 1023 1390 ut
1048 1361 1202 1399 legentes
1225 1358 1394 1390 haberent

137 1415 300 1450 tanquam
326 1409 421 1440 filum
440 1409 595 1449 aliquod,
609 1418 677 1449 quo
703 1409 739 1438 in
765 1406 888 1438 studiis
914 1407 987 1438 suis
1009 1405 1203 1437 Platonicis
1229 1410 1393 1444 tanquam

137 1458 350 1496 regerentur.
406 1455 460 1486 Ae
498 1455 611 1485 simile
649 1454 814 1495 quiddam
862 1458 986 1492 postea
1030 1453 1133 1483 etiam
1179 1451 1239 1482 alii
1279 1451 1393 1482 facere

136 1501 253 1533 eonati
278 1505 370 1540 sunt,
386 1510 534 1541 quorum
559 1509 666 1542 opera
690 1500 866 1530 mentione
895 1498 964 1529 sere
992 1499 1136 1538 indigna
1162 1503 1224 1529 est.
1275 1497 1394 1538 ltaque

136 1547 336 1588 transgredi
367 1548 534 1578 contiuuo
570 1547 685 1587 placet
711 1546 756 1577 ad
781 1555 841 1576 eos
865 1545 1024 1584 criticos,
1052 1545 1110 1585 qui
1136 1550 1258 1575 nostra
1281 1549 1394 1575 aetate

138 1595 182 1625 de
207 1593 424 1633 dialogorum
450 1592 712 1624 Platonicorum
747 1592 873 1623 ordine
903 1596 938 1622 et
962 1592 1209 1621 coniunctione
1233 1590 1394 1622 subtilius

140 1641 407 1681 disputaverunt
465 1639 510 1670 Et
533 1640 665 1679 primus
691 1638 832 1678 quidem
862 1638 993 1668 nostris
1022 1638 1238 1677 temporibus
1268 1637 1334 1668 hoc
1359 1636 1395 1667 in

140 1695 268 1728 genere
293 1685 483 1717 studiosius
509 1685 704 1716 elaboravit
730 1683 876 1715 Tenue
889 1693 1070 1715 mannus
1097 1685 1246 1724 system.
1263 1682 1394 1715 philos.

140 1733 279 1764 Platon.
312 1730 355 1765 Τ.
380 1731 408 1762 Ι.
437 1741 472 1772 p.
499 1731 567 1765 115
582 1741 656 1772 sqq.
706 1730 742 1761 Is
774 1731 864 1761 enim
896 1731 1058 1771 princeps
1092 1736 1236 1760 conatus
1269 1735 1322 1760 est
1354 1738 1396 1759 ex

140 1783 336 1819 temporum
364 1777 505 1809 indiciis
537 1777 683 1817 singulis
715 1776 934 1808 sermonibus
966 1776 1023 1806 hic
1054 1781 1088 1806 et
1121 1776 1192 1805 illic
1218 1776 1396 1816 impressis

142 1824 336 1856 accuratius
375 1823 539 1854 definire.
586 1823 726 1864 quando
761 1823 812 1852 illi
846 1822 965 1862 scripti
997 1826 1031 1852 et
1061 1822 1098 1852 in
1135 1821 1245 1852 lucem
1279 1822 1397 1853 emissi

142 1874 268 1902 essent.
319 1869 356 1900 ln
382 1879 451 1909 quo
468 1874 582 1901 tamen
609 1869 702 1909 quod
728 1878 798 1899 non
824 1868 912 1899 adeo
931 1868 1075 1900 multum
1101 1868 1261 1908 profecit,
1275 1878 1399 1899 caussa

143 1917 195 1947 rei
226 1916 262 1946 in
288 1925 328 1946 eo
354 1916 554 1956 quaerenda
577 1920 649 1948 est.
675 1915 771 1955 quod
791 1915 924 1945 variam
948 1915 1116 1944 librorum
1136 1914 1398 1945 Platonis-orum

143 1961 324 1993 materiam
353 1965 457 2002 atque
492 1961 782 2001 compositionem
816 1961 930 1992 minus
956 1961 1091 1991 curavit
1116 1970 1228 2000 neque
1258 1960 1398 1992 omnino

145 2008 180 2039 id
204 2007 292 2049 egit,
316 2012 355 2037 ut
377 2008 617 2048 quaestionem
649 2013 844 2048 susceptam
871 2005 1075 2047 profligaret
1100 2007 1245 2038 ulterius
1271 2012 1331 2038 aut.
1355 2006 1399 2037 ad

143 2053 274 2085 exitum
315 2053 533 2093 perduceret.
586 2052 746 2094 Longius
784 2053 964 2094 aliquanto
1001 2062 1210 2093 progressus
1247 2058 1300 2084 est
1332 2053 1397 2084 Fr.

145 2098 594 2131 Schleiermacherus
641 2099 806 2140 Prolegg.
853 2099 897 2130 ad
942 2099 1205 2130 Platonicorum
1248 2098 1400 2137 Operum

146 2145 368 2186 Interpretat.
401 2143 567 2178 German.
608 2145 688 2178 Vol.
722 2146 750 2176 Ι.
774 2156 807 2186 p.
837 2144 947 2186 3sqq.
977 2150 1010 2176 et
1035 2144 1179 2176 Praefat
1215 2145 1258 2175 ad
1288 2145 1400 2176 Phae·

145 2192 257 2223 drum.
307 2191 338 2223 ls
362 2193 454 2222 enim
479 2192 638 2223 ordinem
662 2196 696 2222 et
727 2192 984 2223 cohaerentiam
1009 2192 1218 2231 scriptorum
1249 2191 1402 2222 Platoni-

145 2247 264 2270 corum
287 2239 436 2269 maxime
460 2248 503 2270 ex
525 2248 645 2269 eorum
659 2239 873 2278 argumentis
890 2238 1035 2269 definire
1053 2237 1237 2269 constituit
1298 2235 1403 2274 Quod

149 2283 288 2324 quidem
322 2284 351 2315 si
377 2285 557 2324 quaeritur
590 2294 658 2325 qua.
687 2285 824 2315 ratione
857 2284 1030 2315 effecerit.
1066 2294 1139 2314 rem
1163 2293 1226 2325 pro
1253 2283 1401 2314 consilio

146 2333 269 2362 nostro
295 2335 424 2370 quanta
447 2331 599 2362 maxima
621 2330 697 2362 fieri
721 2331 848 2371 poterit
874 2330 1043 2361 brevitate
1071 2339 1247 2370 exponere
1273 2329 1400 2359 licei-it.

149 2375 353 2416 Anquisivit
367 2376 458 2406 enim
481 2377 540 2407 ille
567 2377 716 2417 primum
740 2377 927 2417 primarios
952 2375 1121 2416 quosdam
1147 2376 1316 2415 dialogos.
1346 2376 1403 2416 qui

150 2425 184 2452 et
214 2421 338 2451 merito
357 2423 510 2461 germani
533 2422 744 2453 haberentur
774 2428 894 2463 utpote
929 2423 1031 2452 etiam
1058 2422 1303 2462 primariorum
1330 2432 1403 2462 gra-

148 2467 256 2498 vitate
278 2466 405 2498 firmati
432 2473 466 2498 et
494 2469 702 2509 placitorum
733 2469 881 2510 quadam
919 2468 1185 2499 continuatione
1217 2468 1266 2499 ita
1294 2468 1404 2498 iuncti

150 2518 276 2544 essent.
303 2517 342 2544 ut
367 2513 518 2554 denique
541 2515 725 2546 universae
750 2514 996 2556 philosophiae
1016 2514 1216 2545 Platonicae
1241 2519 1405 2554 tanquam

150 2568 318 2591 summam
344 2560 518 2601 quandam
542 2561 753 2592 conficerent
809 2561 865 2591 Ex
890 2570 958 2601 quo
984 2560 1085 2592 simul
1109 2560 1195 2590 haec
1220 2560 1289 2591 duo
1315 2561 1406 2592 effici

155 2604 279 2644 voluit,
304 2610 343 2635 ut
367 2611 400 2637 et
413 2606 592 2638 doctrinae
607 2606 810 2638 Platonicae
831 2612 997 2647 tanquam
1013 2607 1114 2646 origo
1141 2616 1180 2637 ac
1204 2606 1405 2647 progressio

152 2651 418 2692 intelligeretur,
443 2653 590 2693 singulis
623 2653 828 2694 philosophi
859 2653 997 2693 scriptis
1022 2657 1190 2693 perpetua
1214 2653 1302 2684 serie
1326 2657 1406 2695 apte

154 2697 247 2729 inter
273 2707 311 2729 se
341 2698 469 2731 iunctis
501 2703 535 2730 et
558 2703 677 2731 mutua
700 2699 957 2731 necessitudine
990 2699 1091 2739 quasi
1123 2699 1338 2739 constrictis,
1374 2703 1408 2731 et

156 2752 374 2784 quorumque
405 2750 501 2776 aetas
531 2744 705 2785 probabili
742 2746 943 2777 coniectura
972 2749 1253 2784 cognosceretur.
1310 2745 1407 2779 Quo·

158 2790 250 2822 cirea
274 2791 519 2830 primariorum
551 2791 690 2823 illorum
723 2792 961 2834 dialogorum,
989 2791 1048 2831 qui
1080 2795 1247 2832 tanquam
1272 2792 1407 2833 sapien-
