1644 3039
190 213 506 258 PLATONIS
538 213 923 257 APOLOGIAM
955 214 1274 258 SOCRATIS.
1358 218 1402 255 11

61 329 156 369 niae
190 329 399 370 iacturam
436 327 637 370 facillime
675 326 732 369 sit
770 327 949 368 laturus.
1021 327 1116 369 Nec
1164 342 1263 368 vero
1311 327 1409 383 plus

61 385 144 427 sibi
180 386 392 441 pecuniae
433 390 663 441 suppetere
702 399 830 438 quam
875 399 1004 424 unam
1034 385 1201 440 argenti
1229 384 1409 433 minam;

62 442 210 484 amicis
248 448 392 484 tamen
435 441 718 498 sponsoribus
758 455 804 481 se
843 440 1023 496 triginta
1061 441 1197 482 minas
1241 440 1407 487 offerre,

63 514 173 553 quae
203 514 370 554 poenae
399 499 496 541 loco
525 498 748 540 solvantur
779 498 840 552 (p.
875 499 942 539 36.
973 499 1027 539 A.
1063 523 1111 528 —
1145 498 1212 539 38.
1245 497 1331 552 B.)

179 556 327 597 Tertia
367 571 467 613 pars
516 554 649 597 libelli
689 555 883 596 continet
925 555 1164 595 orationem
1203 561 1305 609 post
1343 569 1411 595 se-

63 612 248 654 cundam
286 612 476 655 iudicum
515 611 834 653 damnationem
875 611 1078 652 habitam.
1142 611 1414 653 Vaticinatur

64 670 198 726 igitur
229 677 375 711 orator
405 670 482 723 iis,
515 669 591 723 qui
619 668 760 724 ipsum
792 667 1139 721 damn-avissent,
1181 676 1413 712 venturum

63 741 157 768 esse
207 725 439 781 aliquando
487 733 683 780 tempus,
737 741 822 780 quo
869 725 987 779 ipsos
1035 725 1271 766 iniustitiae
1310 740 1414 767 suae

63 782 294 838 poeniteat.
354 783 448 825 Illis
477 798 602 836 vero,
637 782 710 836 qui
741 781 1054 835 absolvissent,
1096 782 1335 835 confirmat,
1367 797 1413 824 se

62 854 150 880 non
191 840 372 881 invitum
412 840 541 881 morti
582 839 751 881 obviam
795 839 857 880 ire
901 838 977 880 sed
1008 839 1168 879 laetum
1210 838 1414 893 quiddam

62 902 325 951 exspectare.
383 897 541 951 Neque
570 896 683 937 enim
714 895 986 937 daemonium
1017 896 1100 937 sibi
1131 894 1258 937 domo
1292 911 1414 952 egre-

64 952 199 994 dienti
237 953 283 994 in
323 953 532 995 iudicium
563 959 637 994 aut
664 959 918 1009 suggestum
950 951 1123 994 dicendi
1154 967 1309 994 caussa
1339 952 1414 993 ad—

64 1008 285 1051 scendenti
325 1009 598 1052 adversatum
640 1024 758 1063 esse,
800 1009 915 1051 unde
956 1009 1141 1051 divinari
1181 1025 1312 1066 posse
1350 1010 1414 1051 vi-

64 1065 229 1120 deatur,
262 1074 441 1109 mortem
470 1082 557 1108 non
588 1081 683 1109 esse
712 1067 756 1107 in
775 1066 896 1108 malis
918 1066 1170 1108 ducendam.
1223 1065 1413 1108 Omnino

65 1123 176 1164 enim
207 1139 296 1164 rem
326 1125 387 1165 ita
414 1139 460 1165 se
491 1123 670 1166 habere:
702 1129 908 1176 mortem,
941 1123 1031 1165 sive
1063 1124 1232 1165 auferat
1262 1139 1414 1166 sensus

64 1180 154 1221 sive
185 1195 263 1222 nos
293 1181 338 1222 in
369 1181 499 1222 alium
529 1181 672 1222 locum
702 1180 917 1234 traducat,
951 1196 1038 1222 non
1064 1196 1159 1221 esse
1190 1196 1270 1235 pro
1300 1181 1413 1222 malo

64 1236 308 1278 habendam
341 1237 417 1280 sed
455 1243 674 1292 tamquam
714 1237 905 1278 divinum
945 1237 1204 1279 beneficium
1254 1238 1414 1293 ample-

65 1292 287 1344 ctendam3
318 1309 460 1348 neque
486 1309 588 1335 vero
619 1294 711 1334 viro
742 1294 858 1335 bono
891 1300 933 1334 et
962 1293 1144 1336 honesto
1165 1294 1266 1335 mali
1289 1294 1415 1349 quid-

66 1365 193 1404 quam
224 1365 354 1405 posse
384 1350 603 1403 accidere,
652 1350 813 1406 quippe
844 1350 966 1392 cuius
996 1366 1064 1392 res
1097 1366 1244 1392 omnes
1278 1366 1302 1392 a
1333 1351 1414 1393 diis

66 1406 284 1460 sapienter
313 1423 363 1449 ac
393 1407 602 1449 benevole
633 1407 943 1463 gubernentur.
984 1407 1187 1462 Denique
1210 1414 1334 1463 optat
1351 1414 1416 1462 ,ut

65 1463 230 1504 iudices
273 1463 326 1505 de
365 1464 467 1504 filiis
509 1465 598 1506 suis
638 1465 750 1505 hanc
792 1470 960 1506 sumant
994 1464 1248 1518 vindictam,
1290 1471 1340 1506 ut
1378 1465 1416 1506 si

64 1526 140 1560 aut,
170 1519 343 1562 divitias
376 1526 419 1562 et
451 1535 554 1576 opes
584 1521 732 1561 virtuti
765 1527 1051 1576 anteponant,
1095 1528 1169 1562 aut
1199 1522 1317 1563 inani
1348 1537 1415 1564 sa-

62 1577 250 1632 pientiae
281 1577 484 1633 opinione
514 1576 652 1618 inflati
683 1578 784 1630 sint,
816 1578 1010 1619 similiter
1028 1578 1413 1633 reprehendantur,

65 1633 366 1689 corripiantur,
399 1634 681 1690 castigentur,
714 1641 844 1689 atque
874 1635 967 1690 ipse
1001 1635 1053 1676 de
1070 1635 1414 1678 Atheniensibus

65 1690 205 1732 facere
237 1691 510 1733 consueverit
539 1696 600 1746 (p.
633 1693 698 1733 38.
732 1690 781 1732 C.
814 1717 868 1722 —
898 1694 964 1735 4³2.
995 1692 1087 1746 A.)

177 1747 247 1788 En
286 1748 418 1790 habes
463 1759 763 1804 argumentum
793 1748 1057 1791 defensionis
1090 1749 1340 1792 Socraticae
1371 1748 1414 1788 in

64 1803 238 1846 brevius
271 1811 538 1846 contractum
570 1805 737 1846 omissis
763 1805 1021 1859 quibusdam
1043 1807 1241 1861 partibus
1273 1806 1414 1846 minus

65 1861 282 1916 gravibus.
341 1860 473 1914 Quod
505 1861 679 1915 quidem
709 1862 1016 1904 contuentibus
1046 1863 1171 1904 nobis
1193 1879 1280 1904 uno
1299 1877 1415 1903 men-

65 1917 122 1958 tis
154 1917 307 1958 obtutu
338 1917 675 1973 diligentiusque
705 1918 1079 1961 considerantibus
1101 1919 1278 1962 dubium
1299 1924 1414 1961 certe

66 1989 153 2014 non
183 1973 379 2027 videtur,
413 1975 517 2029 quin
548 1975 690 2015 onmia
721 1976 780 2015 ita
810 1975 896 2016 sint
927 1983 1197 2032 comparata,
1238 1983 1287 2018 ut
1317 1991 1415 2031 spe-

68 2030 156 2071 cies
196 2037 239 2071 et
277 2031 418 2087 imago
449 2031 642 2074 Socratis
674 2032 785 2073 ultra
813 2033 1087 2088 popularium
1117 2049 1293 2075 suorum
1325 2040 1414 2075 stu-

67 2086 138 2127 dia
177 2087 278 2137 elati
319 2103 445 2142 quam
486 2087 736 2130 fidelissime
774 2089 829 2130 ad
872 2090 984 2131 vitae
1016 2091 1241 2132 veritatem
1272 2090 1414 2132 defor-

68 2150 184 2185 mata
214 2144 481 2186 exhibeatur.
540 2145 664 2187 Nihil
695 2146 807 2187 enim
838 2162 1021 2201 usquam
1051 2149 1264 2203 reperias,
1297 2146 1415 2201 quod

67 2201 143 2241 uni
181 2201 377 2244 Platonis
419 2201 629 2244 debeatur
666 2203 866 2259 ingenio3
908 2203 1017 2244 nihil
1055 2204 1173 2259 quod
1209 2202 1416 2245 laudandi

69 2272 222 2298 caussa
250 2273 366 2300 mero
397 2259 574 2300 arbitrio
605 2260 796 2315 positum
826 2266 901 2301 aut
932 2260 1165 2302 confictum
1197 2262 1275 2311 sit3
1307 2260 1415 2301 nihil

70 2313 187 2367 quod
226 2329 251 2354 a
288 2330 472 2369 persona
512 2315 730 2370 Socratis,
774 2318 942 2372 qualem
982 2317 1151 2359 aliunde
1192 2318 1415 2374 cognitum

69 2369 299 2423 habemus,
338 2371 523 2413 alienum
563 2388 654 2415 esse
696 2375 910 2429 suspicari
946 2375 1088 2416 liceat.
1149 2375 1241 2416 Iino
1273 2374 1416 2416 omnia

70 2433 201 2481 atque
233 2427 426 2483 singula,
461 2443 569 2482 quae
599 2430 652 2485 de
683 2446 733 2472 eo
767 2431 997 2481 dicuntur„
1040 2431 1148 2473 adeo
1187 2433 1231 2472 in
1274 2432 1415 2487 ipsum

70 2484 347 2537 conveniunt,
380 2493 442 2538 ut,
473 2485 573 2526 licet
603 2488 758 2542 partim
789 2488 1023 2541 singularia
1053 2488 1152 2541 sint,
1185 2495 1229 2530 et
1257 2488 1301 2529 in
1332 2488 1416 2529 hoc
1446 2512 1448 2514 ·

70 2556 155 2582 uno
188 2541 385 2582 Platonis
416 2557 546 2596 opere
575 2543 729 2587 litteris
759 2542 997 2601 perscripta
1026 2546 1319 2600 reperiantur,
1351 2555 1415 2585 ta-

70 2613 166 2638 men
205 2598 290 2652 ipsi
328 2598 453 2652 priva-
490 2605 620 2652 atque
658 2603 834 2657 propria
877 2617 969 2642 esse
1000 2617 1080 2643 nec
1111 2602 1312 2656 cuiquam
1343 2602 1416 2642 alii

70 2655 315 2695 mortalium
345 2655 523 2696 attribui
554 2671 680 2711 posse
712 2659 947 2711 unicuique
978 2658 1201 2700 fatendum
1232 2659 1300 2700 sit.

182 2711 296 2753 Nam
334 2718 383 2752 ut
420 2712 606 2766 primum
646 2714 837 2757 dicamus
870 2714 922 2755 de
958 2715 1100 2756 indole
1132 2722 1263 2771 atque
1294 2716 1414 2771 inge-

72 2767 142 2810 nio
171 2769 305 2824 ipsius
337 2767 625 2823 defensionis,
669 2773 801 2814 refert
838 2772 912 2814 illa
942 2772 1136 2827 profecto
1166 2773 1414 2829 planissime
