1644 3039
186 186 264 226 184
638 181 1071 224 PRAEFATIO

182 296 380 337 deantur.
440 296 542 338 Alia
572 310 674 337 vero
703 295 814 336 ratio
847 301 913 336 est
940 293 1074 349 partis
1105 293 1379 349 posterioris,
1422 308 1533 348 quae

180 352 281 394 inde
321 368 345 394 a
384 369 425 409 p.
463 356 532 394 46.
575 352 626 394 B.
669 351 903 393 exorditur,
972 350 1040 391 Ea
1089 349 1202 391 enim
1242 349 1534 392 dilucidantur

181 410 398 462 rationes,
446 410 604 465 quibus
643 415 865 464 permotus
909 407 1113 450 Socrates
1152 407 1213 448 ita
1251 407 1424 462 statuit⁷
1485 412 1535 448 ut

181 467 264 508 sibi
295 467 513 508 existimet
544 465 665 507 nullo
696 472 822 521 pacto
855 465 983 506 licerc
1013 463 1160 505 invitis
1191 464 1362 520 legibus
1393 464 1534 520 publi-

182 524 244 565 cis
283 539 306 565 e
346 523 546 565 custodia
587 523 774 564 carceris
814 521 1017 578 effugere.
1086 519 1210 573 Quae
1259 519 1432 575 quidem
1473 520 1535 562 ita

182 586 455 635 comparatae
497 588 624 631 sunt,
665 579 793 621 sicuti
831 581 925 634 ipse
967 578 1139 619 disertis
1179 578 1324 619 verbis
1355 577 1533 631 indicat,

181 644 230 678 ut
272 652 294 678 e
333 637 454 678 tonte
493 637 671 678 rationis
704 635 859 678 ductae
892 635 1003 687 sint,
1042 649 1130 675 non
1172 649 1224 676 ex
1263 650 1380 676 mera
1417 634 1535 675 vitae

181 694 448 750 experientia
479 700 522 735 et
551 709 633 735 usu
662 693 886 749 repetitae.
946 691 1131 733 Constat
1163 697 1306 732 autem
1337 691 1532 747 disputa-

181 751 243 792 tio
286 750 479 793 Socratis
518 766 570 792 ex
610 750 779 792 duabus
819 748 1017 804 partibus
1048 748 1389 803 principalibus,
1430 762 1536 802 qua-

180 823 275 849 rum
317 814 460 849 tamen
499 808 636 849 altera
665 823 761 849 cum
791 807 925 848 altera
956 805 1194 847 arctissime
1235 820 1345 846 nexa
1375 811 1441 847 est
1470 813 1536 846 at-

183 879 266 918 que
297 865 512 920 copulata.
574 865 688 906 Nam
718 864 901 919 primum
933 862 1108 917 quidem
1138 863 1199 918 (p.
1219 863 1286 906 46.
1318 861 1367 904 C.
1392 887 1446 892 —
1466 863 1535 903 48.

180 921 255 976 Β.)
293 921 497 975 docetur,
538 921 582 962 in
626 920 795 977 agendo
835 921 1087 974 neutiquam
1128 934 1276 961 omncs
1316 919 1537 960 hominum

182 979 410 1034 opiniones
439 977 699 1035 spectandas
730 992 838 1025 esse,
869 976 946 1019 sed
974 975 1273 1017 tantummodo
1303 975 1531 1031 opiniones

182 1036 465 1091 sapientium,
516 1035 599 1076 hoc
637 1041 726 1088 est⁷
778 1049 908 1076 sanae
957 1039 1001 1075 et
1039 1034 1317 1089 incorruptae
1354 1032 1536 1074 rationis

180 1092 348 1148 legem,
388 1091 768 1147 quandoquidem,
809 1091 846 1132 si
887 1091 984 1144 quis
1025 1089 1359 1146 imprudentium
1390 1088 1539 1130 audiat

181 1149 367 1202 iudicia⁷
401 1148 642 1203 periculum
673 1148 752 1200 sit,
782 1163 835 1188 ne
867 1148 963 1201 quis
996 1147 1184 1187 animum
1216 1153 1464 1202 corrumpat
1495 1151 1538 1186 et

182 1206 422 1247 iniustitiae
454 1205 669 1260 pravitate
701 1204 928 1259 deturpet,
971 1219 1056 1259 quo
1092 1203 1208 1244 facto
1239 1202 1374 1244 vitam
1406 1202 1536 1244 etiam

182 1263 318 1304 multo
355 1262 497 1304 minus
539 1261 714 1302 vitalem
765 1276 882 1314 esse,
936 1275 1064 1314 quam
1111 1274 1292 1315 corpore
1329 1269 1536 1314 corrupto

183 1334 232 1361 ac
263 1319 514 1375 depravato.
574 1318 703 1360 Unde
738 1318 839 1359 item
871 1317 1102 1373 colligitur,
1135 1331 1186 1357 ne
1211 1316 1343 1358 vitam
1364 1316 1539 1371 quidem

182 1377 320 1432 ipsam
350 1376 486 1432 pluris
518 1390 611 1417 esse
635 1374 962 1428 aestimandam,
995 1389 1123 1429 quam
1154 1373 1288 1414 vitam
1318 1373 1428 1414 iuste
1460 1373 1540 1414 ho-

183 1440 394 1488 nesteque
438 1439 601 1486 actam,
645 1447 755 1487 quae
792 1448 878 1473 una
918 1431 1063 1487 magni
1101 1429 1301 1472 facienda
1331 1430 1400 1472 sit.
1459 1430 1539 1472 Ni-

183 1491 337 1531 mirum
368 1491 454 1531 isto
485 1489 616 1531 modo
648 1495 769 1545 patet
801 1496 844 1530 et
872 1487 1065 1530 Critonis
1096 1487 1353 1529 sententiam
1384 1486 1537 1541 refelli⁷

185 1547 258 1601 qui
298 1546 519 1588 hominum
560 1546 924 1588 existimationem
970 1544 1178 1601 imprimis
1222 1543 1539 1599 respiciendam

185 1604 441 1658 arbitratur,
475 1610 518 1645 et
546 1618 649 1644 vero
681 1603 808 1644 etiam
841 1600 1010 1655 doceri,
1054 1609 1153 1643 ante
1185 1600 1328 1643 onmia
1366 1600 1412 1641 id
1444 1615 1539 1643 esse

185 1660 446 1714 curandum,
499 1667 548 1701 ut
599 1659 728 1701 animi
773 1659 911 1700 virtus
953 1664 997 1699 et
1031 1658 1200 1700 iustitia
1240 1663 1538 1712 conservetur,

185 1733 271 1773 qua
319 1718 479 1760 amissa
527 1732 606 1758 1100
654 1717 750 1771 ipsa
797 1715 889 1757 vita
933 1715 1061 1757 ullius
1101 1715 1230 1770 pretii
1278 1715 1426 1756 futura
1471 1714 1539 1756 sit.

184 1774 446 1817 Arctissime
477 1789 594 1827 vero,
625 1780 674 1814 ut
704 1772 905 1825 diximus,
939 1788 1036 1814 011111
1066 1772 1133 1814 his
1165 1771 1399 1814 cohaerent
1429 1786 1540 1826 quae

184 1838 307 1888 parte
338 1831 646 1887 disputationis
681 1830 930 1873 Socraticae
961 1830 1097 1870 altera
1129 1830 1189 1885 (p.
1223 1830 1288 1871 48.
1320 1828 1372 1869 B.
1396 1852 1450 1858 —-
1471 1830 1538 1869 54.

186 1887 259 1943 C.)
294 1896 587 1944 exponuntur.
647 1887 811 1944 Agitur
854 1887 966 1929 enim
996 1886 1057 1928 ibi
1086 1886 1193 1938 1100,
1237 1892 1287 1927 ut
1317 1884 1541 1928 Socratem

186 1945 440 1987 ostendatur
467 1946 572 2001 fuga
602 1942 872 2000 capessenda
900 1944 1060 1985 iniuste
1100 1944 1315 1985 facturum
1356 1942 1542 1997 ideoque

186 2003 514 2044 commissurum
560 2016 677 2052 csse,
727 2006 778 2041 ut
820 2001 934 2042 vitae
981 2001 1120 2042 bonae
1159 2014 1346 2054 vereque
1400 1999 1542 2040 vitalis

185 2060 397 2100 iacturam
442 2058 588 2100 faciat.
647 2058 762 2099 Nam
805 2073 935 2111 quum
977 2057 1097 2098 nullo
1138 2063 1269 2113 pacto
1310 2056 1442 2097 liceat
1477 2056 1541 2096 in-

185 2117 300 2158 iuste
340 2117 483 2157 facere
522 2130 572 2156 ac
613 2129 667 2156 110
705 2114 902 2155 iniuriam
940 2113 1115 2168 quidem
1164 2112 1320 2154 iniuria
1363 2112 1537 2165 referre,

186 2182 278 2214 tum
308 2188 389 2215 nec
420 2172 585 2214 civitati
615 2187 664 2213 ac
694 2170 865 2227 legibus
895 2170 1081 2226 publicis
1108 2169 1289 2211 docetur
1319 2184 1344 2210 a
1375 2169 1541 2210 civibus

186 2244 378 2283 unquam
410 2229 642 2286 repugnari
663 2234 879 2283 oportere,
914 2227 1115 2282 quoniam
1138 2233 1344 2280 tanquam
1367 2232 1540 2281 pactum

188 2287 407 2341 quoddam
448 2302 544 2328 cum
586 2285 808 2341 republica
849 2284 1025 2326 inierint
1060 2299 1193 2339 seque
1232 2298 1276 2324 re
1313 2283 1409 2338 ipsa
1440 2298 1541 2338 spo-

188 2344 423 2400 ponderint
474 2343 693 2400 publicam
741 2341 886 2396 legum
945 2341 1181 2397 patriarum
1239 2340 1543 2382 auctoritatem

190 2408 339 2443 sancte
370 2400 556 2441 revereri
586 2399 710 2441 velle.
771 2398 935 2439 Violari
980 2410 1123 2439 autem
1154 2397 1359 2439 iustitiam
1390 2397 1442 2438 ab
1475 2411 1542 2444 eO,

190 2458 264 2512 qui
304 2458 451 2499 invitis
490 2457 661 2513 legibus
700 2455 851 2511 patriis
896 2471 1013 2497 mero
1053 2455 1264 2496 arbitratu
1317 2469 1394 2496 suo
1441 2460 1543 2509 agat

190 2515 355 2570 duplici
393 2514 664 2570 potissimum
703 2512 900 2566 1101111110,
952 2513 1137 2569 primum
1187 2511 1390 2566 quidem,
1441 2510 1542 2564 quia

189 2573 499 2628 promissorum
542 2586 716 2612 suorum
757 2575 885 2623 atque
926 2576 1202 2625 acceptorum
1231 2567 1541 2609 beneficiorum

189 2630 412 2670 immemor
441 2628 606 2684 patriae
638 2627 820 2668 salutem
852 2633 1040 2681 evertat,
1073 2624 1229 2667 deinde
1259 2639 1362 2666 vero
1395 2624 1539 2675 etiam,

191 2685 307 2738 quod
344 2701 437 2740 lpse
467 2684 741 2740 turpissimae
768 2683 975 2738 perfidiae
1007 2683 1175 2725 crimini
1205 2682 1283 2723 fiat
1315 2680 1541 2723 obnoxius.

192 2742 363 2796 Quibus
393 2742 592 2784 omnibus
623 2740 811 2795 denique
852 2741 1058 2783 nonnulla
1098 2738 1381 2790 adiiciuntur,
1424 2735 1541 2779 unde
