1644 3039
214 175 266 213 ‹34
707 170 1084 215 PLATONIS

214 292 284 332 καὶ
305 288 434 332 αὐτοὶ
454 292 500 330 ἐν
517 289 567 348 τῇ
581 286 929 347 Ἀριστοφάνους
948 290 1166 343 κωμῳδίᾳ,
1197 288 1421 345 Σωκράτη
1457 288 1558 333 τινὰ

214 362 297 399 ἐκεῖ
323 353 679 415 περιφερόμενον,
703 354 934 414 φάσκοντοὲ
966 373 1010 399 τε
1037 354 1298 411 &apostant-siv
1320 360 1392 400 καὶ
1420 355 1560 408 ἄλλην

217 530 369 568 δασκων,
401 529 494 572 quod
534 541 552 563 e
586 530 686 563 Bodl.
714 531 794 563 Vat.
820 531 907 563 Ven.
939 531 972 563 b.
1008 530 1106 563 Vind.
1131 530 1164 564 4.
1189 529 1282 562 Flor.
1319 533 1352 564 b.
1385 532 1465 565 Par.
1493 531 1560 564 DS.

219 582 398 610 mutatum.

265 712 303 746 C.
348 710 395 742 ἐπ’
440 711 486 751 τῇ
518 708 860 752 Ἀριστοφάνους

219 756 442 801 κε’)μῳδίᾳ]
485 759 521 790 ln
547 758 699 790 Nubibus
725 759 858 799 primis,

217 816 306 846 qnae
347 804 458 835 fabula
504 808 582 835 acta
633 808 685 835 est
725 805 860 835 circiter

218 856 380 892 quattuor
407 855 441 881 et
455 850 569 891 viginti
586 850 679 881 annis
691 854 771 881 ante
792 849 858 881 So—

219 898 320 929 cratis
332 897 598 933 damnationem,
618 896 816 937 Olymp89.
835 895 858 928 l.

220 943 391 975 Archonte
409 941 555 982 lsarclm,
588 942 768 984 Dionysiis.
796 941 859 972 Vi-

219 990 320 1021 detur
344 993 458 1019 antem
486 987 648 1019 Socrates
676 989 705 1018 in
734 989 786 1019 illa
811 987 858 1018 sa-

218 1036 294 1067 bula
331 1034 393 1066 huc
425 1039 459 1065 et
491 1034 567 1065 illuc
601 1034 733 1065 delatus
769 1044 859 1073 esse,

220 1086 255 1114 et
278 1082 520 1121 interrogatus,
546 1080 627 1120 quid
646 1084 778 1120 ageret,
806 1089 859 1111 re-

219 1126 399 1168 spondisse
426 1136 462 1157 se
483 1136 543 1167 per
561 1129 673 1156 aerem
692 1125 858 1157 incedere.

219 1173 394 1206 Quorsum
408 1171 555 1202 fortasse
571 1172 741 1212 pertinent
759 1172 858 1202 etiam

219 1229 305 1259 quae
330 1217 360 1248 in
388 1217 576 1257 superstite
604 1216 714 1248 fabula
741 1218 861 1257 legun-

220 1270 275 1296 tur
307 1274 338 1294 ν.
374 1263 439 1297 226
474 1273 570 1303 sqq.,
609 1263 682 1302 ubi,
715 1262 792 1294 dnm
826 1263 858 1293 in

223 1307 401 1351 κρεμάθρᾳ
434 1308 697 1341 meditabundus
733 1308 862 1347 haeret,

222 1368 238 1388 a
268 1354 468 1397 Strepsiade
496 1358 656 1394 rogatus,
684 1354 762 1394 qnid
790 1363 862 1385 mo-

223 1403 343 1441 liatur,
405 1400 609 1441 respondet,
671 1396 861 1441 ἀεροβατῶ.

222 1449 437 1488 Quamquam
465 1446 601 1477 videtur
627 1452 728 1487 poeta
754 1448 785 1478 in
813 1447 862 1477 al-

223 1499 296 1525 tera
331 1493 476 1525 Nubium
513 1492 663 1524 editione
703 1492 862 1523 nonnulla

223 1549 285 1581 pro
319 1539 463 1570 consilio
497 1548 560 1570 suo
586 1538 789 1577 mutavisse,
820 1537 862 1569 de

222 1596 287 1627 qua
327 1595 363 1616 re
412 1595 442 1614 v.
497 1587 633 1625 praeter
674 1584 758 1615 alios
799 1583 860 1617 Fr.

223 1628 858 1666 v0lckm.Fritschium.Quaest.

224 1676 462 1718 Aristophann,
492 1686 523 1717 p.
560 1676 624 1709 131
659 1686 730 1716 sqq.
765 1681 798 1707 et
830 1686 860 1716 p.

223 1723 290 1758 115
325 1733 397 1764 sqq.
429 1725 533 1763 atque
566 1722 861 1753 Hermannum

223 1768 376 1802 Praefat.
419 1767 461 1799 ad
502 1767 640 1800 secund.
677 1767 758 1799 edit.
789 1766 860 1799 Nu-

225 1816 319 1848 bium
347 1825 380 1856 p.
407 1813 488 1846 Xlll
515 1824 586 1854 sqq.
628 1812 753 1845 Iniuria
781 1823 862 1845 vero

226 1872 269 1895 ex
288 1860 350 1893 hoc
367 1861 444 1891 loco
463 1861 673 1900 collegerunt
689 1859 750 1890 viri
769 1858 863 1891 docti

229 1906 464 1947 Aristophanis
513 1905 658 1937 fabulam
699 1905 863 1946 imprimis

226 1953 402 1991 effecisse,
429 1955 468 1983 ut
484 1950 647 1983 Socrates
662 1952 764 1992 vulgo
785 1955 863 1982 tan-

226 2009 325 2040 quam
349 2007 505 2029 morosus
533 2001 566 2029 et
591 1996 725 2037 ineptus
751 2006 864 2028 rerum

226 2044 375 2077 inanium
404 2046 576 2074 scrutator
601 2046 784 2083 suspectus
805 2041 864 2073 ha-

227 2091 385 2129 beretur,
424 2089 581 2129 adeoque
617 2092 775 2129 tanquam
808 2097 865 2119 so-

228 2137 343 2179 phista
366 2139 400 2167 et
411 2134 634 2166 calumniator
651 2133 772 2176 capitis
785 2143 866 2175 sup-

228 2183 327 2226 plicio
353 2181 555 2213 afficeretur.
607 2179 691 2213 Nam
720 2184 754 2212 et
781 2179 867 2211 mul-

228 2235 301 2261 tum
327 2227 491 2268 temporis
515 2226 580 2258 iam
607 2226 798 2263 effluxerat,
825 2234 865 2256 ex

229 2285 298 2316 quo
324 2278 398 2305 acta
425 2276 498 2304 erat
522 2271 660 2312 Nubes,
694 2276 728 2304 et
754 2270 867 2303 fabula

229 2322 285 2353 illa
311 2330 376 2351 non
404 2321 571 2358 steterat,
603 2322 638 2351 et
670 2316 865 2358 Aristopha-

229 2377 290 2400 nes
317 2366 392 2407 ipse
415 2375 481 2396 non
512 2362 547 2395 id
575 2366 710 2406 egerat,
738 2366 776 2395 ut
800 2361 866 2394 So-

232 2412 314 2445 crati
359 2410 526 2443 innocenti
572 2413 702 2442 tantum
752 2407 865 2440 odium

231 2458 417 2496 conflaret,
453 2465 552 2497 quem
585 2456 765 2488 induxerat
805 2464 866 2496 po-

231 2505 299 2536 tius
337 2504 436 2544 longe
473 2502 571 2533 aliam
611 2502 655 2533 ob
695 2510 867 2533 caussam.

235 2549 372 2582 Etenim
385 2549 543 2580 universa
571 2547 719 2579 Nubium
743 2547 867 2582 fabula,

233 2596 260 2627 si
287 2605 404 2627 verum
431 2594 643 2636 quaerimus,
677 2603 743 2625 non
769 2592 869 2625 alior-

234 2651 306 2673 sum
341 2640 497 2682 profe'cto
540 2639 688 2680 pertinet
720 2639 781 2671 nisi
814 2647 869 2677 e0,

234 2691 272 2718 ut
309 2695 442 2718 morum
483 2684 761 2726 depravationem
808 2684 875 2715 late

237 2732 393 2764 diffusam
419 2731 582 2772 imprimis
611 2741 652 2763 ex
677 2731 800 2763 novitia
819 2739 875 2760 so-

236 2778 429 2819 phistarum
453 2781 486 2808 et
508 2777 798 2818 philosophorum
821 2776 873 2807 in-

926 712 1104 744 stitutione
1127 722 1167 744 ae
1193 711 1380 753 disciplina.
1409 712 1450 744 ab
1476 711 1563 744 ado-

926 759 1133 791 lescentibus
1166 758 1416 790 studiosissime
1455 768 1563 800 expe-

928 805 1002 844 tita,
1020 805 1214 837 manavisse
1225 804 1436 838 ostendatur.
1462 802 1564 837 Quod

927 850 1065 892 quidem
1094 849 1254 882 Comicus
1280 851 1325 882 ita
1341 851 1451 891 palam
1468 849 1566 890 fecit,

928 901 963 928 ut
991 896 1212 929 acerbissime
1236 897 1477 939 perstrinxerit
1504 905 1566 927 nu-

928 953 989 982 gas
1023 946 1057 975 et
1089 941 1228 974 fraudes
1268 942 1493 984 sophistarum
1533 945 1569 974 et

928 989 1151 1030 impostorum
1193 988 1281 1020 illius
1325 988 1451 1020 aetatis
1492 998 1567 1019 om-

929 1036 1040 1074 nium,
1076 1043 1201 1075 easque
1225 1035 1455 1075 spectantium
1480 1032 1567 1065 risui

930 1080 1139 1122 exposuerit.
1188 1079 1313 1112 Partes
1353 1089 1436 1111 vero
1481 1080 1568 1111 isto-—

929 1137 1002 1159 rum
1037 1126 1294 1158 homuncionum
1327 1125 1381 1157 uni
1420 1125 1567 1157 maxime

929 1172 1049 1204 tribuit
1082 1171 1228 1204 Socrati.
1286 1169 1389 1209 Quod
1428 1180 1487 1202 cur
1522 1171 1569 1202 ita

929 1217 1126 1256 instituerit,
1154 1217 1216 1248 etsi
1243 1217 1341 1249 valde
1367 1221 1569 1249 controver-

931 1274 1005 1295 sum
1032 1268 1094 1301 est,
1129 1266 1267 1302 tamen,
1299 1273 1335 1295 re
1371 1262 1569 1304 diligentins

930 1310 1145 1342 considerata
1162 1309 1365 1350 saepiusque
1389 1309 1570 1350 pensitam,

928 1357 1017 1388 hanc
1043 1355 1086 1387 ob
1113 1365 1270 1386 caussam
1304 1355 1345 1387 ab
1373 1365 1413 1387 eo
1439 1355 1568 1387 factum

930 1403 1148 1434 arbitramur.
1191 1400 1326 1432 Oderat
1352 1401 1439 1433 enim
1467 1403 1569 1442 poeta

931 1458 1050 1480 omnes
1077 1444 1211 1478 omnino
1230 1447 1357 1479 veteris
1369 1445 1570 1488 disciplinae

930 1491 1144 1525 adversarios
1172 1496 1274 1532 atque
1300 1491 1450 1524 novitiae
1486 1493 1570 1524 artis

930 1540 1139 1580 rationisque
1165 1541 1327 1579 patronos
1352 1547 1391 1569 ac
1410 1536 1571 1570 defenso·

929 1596 1004 1625 res3
1031 1584 1064 1616 id
1091 1583 1182 1626 quod
1211 1593 1311 1624 quum
1337 1583 1473 1615 aliunde
1498 1588 1571 1616 turn

931 1641 972 1663 ex
998 1641 1062 1662 nna
1088 1630 1237 1663 maxime
1257 1630 1432 1661 Ranarum
1459 1628 1572 1662 fabula

928 1677 1069 1718 intelligi
1115 1678 1241 1718 potest.
1298 1675 1469 1708 Quocirca
1509 1675 1572 1708 fuit

931 1733 1013 1754 sane
1038 1722 1101 1764 ipsi
1127 1731 1203 1754 cum
1222 1720 1367 1753 Socrate
1389 1731 1571 1754 commune

933 1768 1049 1800 odium
1075 1769 1273 1800 acerrimum
1311 1768 1571 1809 praestigiarum

933 1815 1088 1854 istarum,
1103 1813 1227 1855 quibus
1242 1813 1413 1855 sophistae
1426 1814 1474 1845 uti
1490 1823 1572 1845 oon-

935 1864 1127 1892 sueverant.
1154 1858 1226 1891 Nec
1238 1864 1352 1892 tamen
1370 1860 1398 1892 ei
1416 1869 1491 1892 cnm
1505 1859 1571 1892 So-

935 1910 1028 1938 crate
1062 1906 1152 1938 omni
1187 1915 1228 1937 ex
1263 1909 1360 1948 parte
1392 1905 1573 1938 convenie-

935 1952 1002 1984 bat.
1052 1951 1118 1985 Qui
1154 1949 1246 1992 quod
1288 1961 1363 1983 cum
1404 1951 1574 1992 omnibus,

934 1997 989 2038 qui
1014 1996 1076 2038 ipsi
1095 1997 1229 2029 obviam
1249 1997 1416 2037 venirent,
1441 2007 1574 2030 sermo-

935 2052 995 2074 nes
1035 2042 1217 2079 miscebat,
1250 2042 1459 2082 disserebat,
1491 2053 1574 2075 con-

935 2087 1316 2129 fabulabatur,denique
1328 2086 1574 2130 philosophiam

935 2134 967 2165 in
993 2133 1081 2166 vitae
1106 2133 1322 2174 quotidianae
1357 2134 1466 2166 lucem
1496 2144 1576 2176 pro-

935 2179 1089 2218 ferebat,
1123 2189 1315 2220 quanquam
1351 2179 1385 2210 in
1417 2190 1459 2211 eo
1491 2190 1574 2212 con-

936 2225 1074 2257 trarium
1090 2225 1163 2258 fere
1179 2230 1281 2266 atque
1303 2223 1479 2267 sophistae
1494 2236 1573 2267 spe-

936 2271 1066 2312 ctabat,
1103 2275 1216 2303 tamen
1243 2270 1275 2303 id
1299 2272 1409 2313 ipsum
1435 2281 1574 2313 qnoque

935 2320 1060 2359 poetae
1098 2317 1277 2349 videbatur
1308 2317 1434 2349 veteris
1472 2317 1572 2351 disci-

936 2363 1049 2404 plinae
1073 2363 1260 2395 rationibus
1287 2362 1443 2402 officere,
1474 2374 1574 2406 prae-

936 2409 1052 2441 sertim
1078 2419 1182 2450 quum
1214 2409 1270 2440 ille
1304 2409 1405 2440 etiam
1437 2408 1573 2451 Euripi-

936 2455 990 2494 de,
1019 2454 1179 2496 physicae
1205 2454 1392 2496 sapientiae
1415 2453 1446 2485 in
1472 2465 1574 2488 scena

935 2500 1132 2540 laudatore,
1167 2504 1322 2533 uteretur
1352 2499 1573 2535 familiariter.

937 2547 1158 2589 Quapropter
1181 2556 1246 2578 una
1263 2545 1387 2586 fidelia,
1415 2550 1452 2578 ut
1468 2547 1573 2588 aiunt,

938 2592 1023 2625 duos
1050 2592 1219 2625 dealbavit
1237 2591 1399 2633 parietes,
1426 2591 1488 2625 hoc
1508 2597 1575 2633 est,

937 2648 1002 2670 una
1034 2638 1222 2678 eademque
1254 2647 1358 2678 opera
1389 2641 1424 2670 et
1458 2637 1576 2680 sophi-

945 2689 1016 2716 stas
1042 2684 1204 2726 corripuit
1230 2685 1264 2715 et
1284 2682 1465 2716 Socratem
1495 2694 1576 2716 exa-

943 2730 1079 2772 gitavit,
1112 2737 1179 2762 non
1213 2737 1281 2770 quo
1305 2728 1391 2761 hunc
1423 2730 1486 2763 illis
1512 2740 1578 2772 pa-

944 2785 1016 2809 rem
1042 2775 1193 2816 haberet,
1218 2772 1280 2808 sed
1305 2774 1399 2817 quod
1419 2775 1577 2809 eumalio
