1644 3039
140 555 193 595 20

224 167 275 204 (ἱὸ
704 162 738 202 P
751 161 789 202 L
802 163 839 201 A
856 160 891 202 T
908 159 947 202 O
962 160 1035 202 NI
1050 160 1080 202 S

227 279 448 333 Πρόδικος
485 277 506 320 ὁ
545 279 687 327 Κεῖος,
723 281 794 319 καὶ
824 277 994 326 Ἱππίας
1026 275 1047 319 ὁ
1080 274 1260 325 Ἠλεῖος.
1285 275 1450 318 τούτων
1480 274 1563 330 γάρ

225 340 458 396 ἕκαστος,ὦ
484 342 651 400 ἄνδρες,
675 343 767 393 οἶός
790 343 818 385 τ’
850 347 963 386 ἐστὶν
987 342 1064 386 idm
1086 348 1142 392 εὶς
1166 342 1351 394 ἑκάστην
1379 345 1464 384 τῶν
1489 341 1566 385 πό-

227 415 333 455 λεων
361 410 463 461 τοὺς
492 417 621 461 νέους,
653 410 716 460 οἷς
743 412 871 462 ἔξεστι
894 413 980 452 τῶν
1003 412 1169 453 ἑαυτῶν
1190 411 1381 452 πολιτῶν
1403 418 1565 466 προῖκα

223 480 414 531 ξυνεῖναι
439 473 469 533 ᾧ
491 477 546 521 ἂν
567 478 826 533 βούλωνται,
859 478 1042 526 τούτους
1066 479 1276 519 πείθουσι
1298 476 1375 525 τὰς
1397 481 1565 518 ἐκείνων

223 547 451 598 ξυνουσίας
476 544 780 595 ἀπολιπόντας
813 549 934 602 σφίσι
972 545 1160 596 ξυνεῖναι
1192 542 1398 599 χρήματα
1425 543 1566 585 διδόν-

221 631 301 663 τας
320 618 389 655 καὶ
406 612 539 669 χάριν
564 615 845 668 προςειδὲναι.
876 614 963 654 ἐπεὶ
986 615 1056 654 καὶ
1080 608 1213 661 ἄλλος
1232 610 1346 665 ἀνὴρ
1367 615 1454 653 ἐστι
1469 609 1567 652 Πά-

221 698 314 736 ριος
333 679 498 723 ἐνθάδε
521 677 728 738 σοφός,ὃν
750 677 827 734 ἐγώ
850 678 1388 738 ᾐσθόμηνἐπιδημοῦντα·
1413 681 1565 732 ἔτυχον

219 746 304 803 γὰρ
331 745 592 803 προςελθών
622 748 764 803 ἀνδρί,
796 744 844 796 ὃς
876 749 1057 789 τετέλεκε
1096 744 1302 801 χρήματα
1335 752 1566 802 σοφισταῖς

314 876 535 920 Πρόδικος
569 874 587 908 ὁ
619 876 766 917 Κεῖος]
807 876 904 907 Bodl.
931 876 1018 906 Ven.
1045 887 1073 906 a.
1105 875 1141 908 Ξ.
1169 874 1264 907 Vind.
1291 876 1322 908 2.
1348 875 1379 909 5.
1405 875 1435 909 6.
1472 874 1564 907 Flor.

218 938 249 967 g,
278 925 414 957 Coislin.
442 924 540 962 Kios,
568 930 605 955 ut
626 924 727 964 Reip.
756 923 795 955 X.
826 933 856 962 p.
884 922 959 955 600.
989 921 1024 952 C.
1055 921 1226 962 Protagor
1264 932 1293 962 p.
1319 921 1397 955 314.
1422 921 1459 955 C.
1488 921 1562 952 Ari-

219 971 330 1012 stoph.
367 971 452 1002 Rau.
484 970 561 1004 997.
597 965 638 1000 οὐ
670 968 758 1001 Xros-
800 964 881 999 ἀλλὰ
913 967 1007 1000 Keos.
1062 968 1290 999 Veruntamen
1325 968 1564 1009 lnscriptiones

217 1018 304 1058 apud
339 1017 538 1049 ssroensted.
569 1015 681 1047 itiner.
709 1016 748 1048 N.
778 1015 806 1048 7.
824 1020 856 1046 et
870 1015 922 1047 10.
951 1013 1077 1054 liquido
1105 1011 1276 1044 KEIOI
1299 1013 1433 1052 habent,
1462 1017 1565 1053 atque

217 1064 391 1095 Theocrit.
409 1063 561 1101 ld.XV1,
588 1061 641 1094 44.
672 1060 882 1092 Simonidem
911 1060 1058 1101 appellat
1084 1055 1205 1090 ἀοιδὸν
1230 1057 1289 1089 τὸν
1319 1057 1447 1100 Κήΐονε
1474 1057 1564 1090 unde

216 1109 323 1141 forma
352 1108 439 1139 Kios
464 1118 527 1138 non
555 1107 671 1138 debuit
706 1106 838 1147 probari
869 1107 962 1136 Astio
989 1104 1182 1138 Continent.
1210 1105 1250 1136 ad
1279 1104 1419 1144 Prome.
1448 1115 1480 1143 p.
1507 1103 1563 1137 44.

216 1153 375 1190 Accedit.
408 1153 497 1194 quod
523 1153 736 1193 grammatici
763 1156 897 1183 veteres
923 1155 1023 1191 atque
1050 1151 1181 1182 scribae
1214 1161 1273 1191 per
1305 1163 1314 1182 ι
1350 1149 1480 1192 μακρὸν
1514 1150 1563 1181 iu-

214 1202 418 1232 tellexerunt
443 1210 487 1241 ει,
520 1199 664 1230 docente
695 1198 812 1228 nastio
837 1197 877 1228 ad
906 1197 1054 1237 Gregor.
1082 1196 1232 1229 Corinth.
1266 1207 1295 1237 p.
1329 1196 1431 1235 8923
1465 1195 1562 1238 diph-

214 1245 357 1287 thongus
386 1250 498 1277 autern
529 1245 574 1287 τῷ
603 1256 612 1275 ι
637 1245 742 1275 simile
768 1243 929 1284 quiddam
956 1247 1065 1274 sonat.

213 1337 451 1375 cumtnlerunt,
484 1345 585 1376 quum
611 1335 773 1366 Socrates
806 1334 855 1365 sa-

211 1382 395 1413 miliaribus
438 1381 506 1413 suis
564 1382 648 1412 nulla
697 1381 855 1412 mercede

211 1428 261 1458 sui
302 1428 433 1469 copiam
477 1428 683 1468 impertiret.
730 1427 855 1467 quippe

211 1473 405 1505 doctrinam
431 1474 628 1505 existimans
656 1483 754 1503 omne
778 1482 854 1514 pre-

210 1520 308 1558 tium,
343 1518 433 1559 quod
461 1519 602 1560 pecunia
643 1523 764 1559 posset
799 1528 851 1549 re-

212 1564 324 1606 pendi,
349 1565 548 1606 longissime
569 1574 730 1604 superare
757 1563 850 1604 (Xe-

211 1610 328 1651 noph.
361 1610 464 1643 Mem.
499 1611 521 1643 l.
555 1610 616 1651 6).
666 1609 801 1641 Primus
833 1621 852 1640 a

213 1657 386 1697 discipulis
412 1656 479 1687 suis
496 1655 689 1687 mercedem
715 1656 846 1690 institu—

211 1702 314 1735 tionis
349 1702 507 1743 exegisse
539 1706 694 1733 narratur
724 1701 848 1733 Prota-

207 1758 310 1789 goras
338 1747 528 1786 Abderites,
556 1747 610 1788 qui
649 1749 752 1779 etiam
779 1749 845 1789 pri·

206 1804 280 1825 mus
305 1793 489 1835 sophistam
523 1804 559 1825 se
589 1793 756 1834 appellari
783 1804 842 1825 vo-

208 1841 289 1878 luit3
316 1840 343 1870 is
371 1839 459 1870 enim
490 1839 613 1871 dicitur
645 1849 709 1870 non
737 1840 845 1870 minus

207 1886 399 1917 didactrum
425 1885 465 1915 ab
491 1885 702 1917 auditoribus
726 1889 845 1926 postu-

204 1932 332 1963 lavisse
346 1941 447 1971 quam
466 1936 601 1962 centum
617 1930 735 1970 minas‚
761 1942 847 1972 quae

205 1977 247 2008 ad
273 1981 411 2008 nostrae
438 1977 599 2016 pecuniae
617 1977 764 2007 rationes
792 1987 840 2008 re-

208 2027 350 2054 vocatae
382 2022 528 2053 efficiunt
557 2021 627 2053 fere
653 2021 744 2055 2500
772 2022 845 2053 loa-

208 2069 392 2100 chimicos:
430 2077 457 2100 v.
491 2069 669 2109 Diogen.
698 2068 843 2100 Laert.

209 2113 266 2146 ΙΧ,
300 2113 356 2148 52.
388 2113 499 2154 ibique
525 2113 687 2154 Menag.
716 2114 843 2146 Quin-

204 2161 251 2192 til.
280 2160 336 2192 lll.
369 2159 401 2193 1.
428 2158 535 2192 Gell.
567 2169 598 2192 V.
625 2158 679 2193 10.
731 2159 843 2191 Huius

204 2216 285 2238 vero
312 2207 504 2246 exemplum
532 2206 710 2244 continuo,
740 2209 775 2236 ut
798 2205 845 2241 fit,

204 2252 337 2293 sequuti
369 2256 446 2282 sunt
472 2251 540 2290 alii,
566 2252 596 2283 in
624 2250 673 2282 his
698 2251 843 2283 maxime

204 2298 353 2339 Gorgias
380 2297 586 2334 Leontinus,
613 2297 745 2329 dicendi
772 2301 843 2328 arte

203 2347 236 2376 et
263 2343 425 2375 facultate
445 2344 663 2383 clarissimus,
689 2342 744 2384 qui
770 2342 842 2384 ipse

203 2399 338 2430 quoque
366 2399 384 2420 a
414 2389 553 2430 singulis
570 2389 743 2430 discipulis
763 2398 842 2420 cen-

203 2439 298 2466 tenas
323 2435 430 2466 minas
457 2435 630 2477 exigebat;
657 2435 698 2467 de
720 2444 786 2476 quo
810 2444 839 2465 v.

206 2480 376 2513 Diodor,
413 2480 496 2513 Sic.
528 2481 611 2515 XII.
650 2480 706 2516 53.
750 2480 839 2512 Sui-

204 2527 275 2558 das
316 2526 346 2558 h.
383 2537 413 2560 v.
466 2529 514 2558 Ac
539 2528 647 2560 simile
680 2527 756 2568 quid
788 2525 839 2558 fe-

204 2573 249 2604 cit
284 2574 356 2604 sine
395 2572 498 2604 dubio
537 2574 639 2605 etiam
672 2573 838 2605 Prodicus

205 2616 316 2657 Ceus,
350 2627 450 2660 quem
479 2619 542 2650 etsi
579 2619 677 2652 Plato
715 2617 836 2651 ceteris

203 2663 363 2704 sophistis
382 2664 487 2705 pluris
502 2665 694 2697 aestimavit
711 2664 834 2706 (Gorg-

202 2719 233 2749 p.
249 2709 329 2743 459.
354 2710 419 2750 B.)‚
446 2714 561 2743 tamen
586 2711 667 2743 item
693 2714 834 2752 propter

202 2756 374 2788 avaritiam
402 2757 509 2798 carpit
537 2757 676 2799 Protag.
697 2767 728 2799 p.
752 2756 829 2791 315.

926 1333 953 1363 C
982 1332 1563 1374 sicutifecitetiarnXenophSym·

926 1389 997 1420 pos.
1017 1378 1070 1409 lv.
1088 1378 1144 1411 6⁶2.
1165 1378 1430 1420 Hippiasautem
1441 1380 1561 1418 Eleus,

924 1435 1029 1456 vanus
1054 1424 1232 1456 dol-trinae
1261 1435 1342 1455 snae
1368 1430 1561 1456 ostentator

923 1470 1049 1509 (plat.
1077 1469 1217 1510 Protag.
1244 1480 1274 1510 p.
1298 1470 1375 1504 315.
1398 1470 1434 1503 C.
1456 1471 1558 1512 Hipp.

920 1516 996 1549 mai.
1024 1525 1055 1555 p.
1085 1515 1152 1549 285
1203 1516 1239 1548 B.
1280 1516 1383 1557 Hipp.
1421 1517 1497 1549 min.
1528 1527 1559 1558 p.

920 1561 998 1595 367.
1025 1561 1086 1601 Ε.)
1112 1561 1185 1602 quis
1213 1561 1390 1601 dubitabit,
1416 1573 1557 1603 quaeso,

921 1609 998 1648 quin
1042 1608 1122 1638 item
1161 1608 1333 1647 marsupio
1378 1618 1437 1639 suo
1473 1609 1559 1639 bene

920 1652 1161 1695 prospexerit?
1212 1653 1391 1685 Enimvero
1425 1654 1560 1687 fuerunt

918 1698 1091 1740 sophistae
1140 1709 1258 1730 omnes
1305 1700 1427 1731 mercis
1478 1711 1559 1733 suae

917 1745 1006 1776 avari
1034 1754 1222 1786 caupoueS‚
1255 1745 1309 1786 qui
1335 1746 1480 1778 maxime
1507 1747 1558 1778 di-

916 1791 1019 1822 vitum
1061 1790 1230 1822 hominum
1263 1791 1406 1832 gratiam
1439 1797 1472 1824 et
1507 1792 1554 1824 fa-

914 1847 1032 1869 vorem
1064 1836 1174 1868 venati
1213 1842 1289 1868 sunt
1328 1837 1556 1880 imprimisque

915 1882 1203 1921 adolescentium3
1236 1893 1302 1924 quo
1337 1885 1472 1916 nomine
1497 1895 1557 1917 eos

914 1933 1051 1971 praeter
1088 1929 1268 1960 Platonem
1301 1931 1402 1962 etiam
1436 1930 1553 1962 Xeno-

916 1974 1015 2016 phon,
1047 1974 1226 2015 Isocrates,
1247 1975 1461 2015 Aristoteles,
1488 1977 1555 2017 alii,

916 2020 1195 2061 perstrinxerunt.
1225 2030 1253 2053 v,
1282 2021 1397 2054 Plat.
1426 2022 1554 2053 Prota-

914 2075 987 2105 gor.
1026 2077 1056 2106 p.
1089 2064 1168 2098 313.
1206 2065 1243 2096 D.
1270 2066 1374 2107 Hipp.
1408 2069 1483 2100 mai.
1522 2079 1553 2109 p.

914 2109 992 2144 ⁶282.
1035 2111 1072 2142 D.
1113 2111 1154 2142 al.
1193 2109 1381 2153 Xenoph.
1417 2113 1439 2145 1.
1474 2113 1552 2147 613.

913 2157 1029 2197 Symp.
1070 2157 1098 2189 Ι.
1137 2156 1170 2190 5.
1208 2157 1341 2191 lsocr.
1379 2158 1439 2193 Or.
1473 2159 1552 2194 adv.

914 2202 1020 2243 Soph.
1050 2207 1083 2234 et
1114 2202 1145 2233 in
1176 2202 1251 2234 Hel.
1280 2203 1424 2238 Encom.
1462 2207 1492 2246 ξ.
1520 2206 1552 2240 1,

913 2249 1153 2280 Aristotel.
1184 2247 1336 2289 Sophist.
1365 2250 1501 2283 Elench.
1528 2251 1551 2285 1.

912 2295 1040 2330 Quibus
1075 2293 1181 2326 addas
1209 2294 1343 2328 Cicer.
1381 2296 1483 2330 Acad.
1510 2297 1551 2329 ΙΙ.

912 2339 966 2373 23.
1017 2341 1074 2372 At
1110 2341 1204 2380 quis
1237 2346 1303 2372 est
1336 2340 1425 2374 hic?
1459 2353 1552 2375 uum

912 2385 1161 2428 sophistes?
1188 2405 1230 2409 —
1259 2386 1321 2418 sic
1346 2388 1458 2419 enim
1483 2399 1550 2430 ap-

911 2432 1200 2473 pellabantur
1225 2432 1273 2474 ii,
1302 2433 1371 2474 qui
1397 2438 1551 2466 osten-

910 2477 1138 2510 tationis
1201 2482 1289 2510 ant
1334 2484 1551 2519 quaestus

909 2534 1061 2556 canssa
1108 2522 1548 2565 philosophabantur.

908 2569 958 2601 De
993 2569 1214 2602 institutionis
1246 2570 1407 2603 mercede
1440 2582 1458 2603 a
1490 2582 1548 2604 so-

905 2614 1022 2656 phistis
1057 2620 1174 2648 exacta
1207 2625 1237 2649 v.
1266 2615 1452 2650 Boeckh.
1480 2617 1547 2650 Oe-

904 2672 979 2695 con.
1007 2662 1126 2694 Athen.
1151 2661 1230 2695 Vol.
1264 2661 1293 2696 I.
1331 2673 1350 2704 p
1390 2662 1467 2697 171.
1492 2663 1547 2697 ed.

904 2707 932 2741 1.
966 2719 1006 2737 Ξ
1034 2707 1110 2742 134.
1137 2706 1189 2739 ed.
1217 2707 1247 2740 2.

950 2751 1135 2785 τούτους
1159 2753 1391 2796 πείθουσι]
1427 2754 1467 2786 In
1494 2753 1543 2786 his
