1644 3039
222 192 295 231 1725
671 189 703 229 P
720 188 1100 231 ltAEFA'rls)

214 303 340 345 facile
372 301 591 343 conciliari
622 302 778 356 potuit.
840 301 1055 344 Constans
1089 309 1231 343 autem
1251 314 1380 359 atque
1408 321 1561 361 perpe-

215 369 290 402 tua
332 360 423 401 eius
463 359 546 399 fuit
585 373 687 415 erga
726 358 950 401 Socratem
989 375 1113 401 suum
1144 358 1253 401 fides
1284 368 1327 401 et
1358 363 1560 416 amicitia,

216 432 343 472 quam
374 415 481 457 adeo
513 415 715 471 religiose
746 416 894 469 coluit,
926 423 988 469 ut,
1022 431 1154 470 quum
1184 416 1254 461 ille
1285 417 1329 457 in
1354 418 1560 461 iudiciuin

216 481 332 516 esset
360 479 555 526 vocatus,
587 472 679 527 ipse
712 486 843 514 senex
875 488 971 515 cum
1003 488 1104 514 sene
1123 471 1309 527 (Criton.
1333 490 1374 529 p.
1396 477 1462 516 49.
1484 478 1561 531 A.)

215 531 361 573 mallet
406 529 458 570 de
499 543 579 571 sua
618 529 755 585 ipsius
799 530 937 571 salute
975 530 1235 585 periclitari,
1281 545 1409 584 quam
1448 532 1562 575 illius

216 588 437 629 vinculum
479 586 645 627 solvere
687 592 761 627 aut
799 587 1003 630 relaxare.
1081 586 1375 639 Quamobrem
1433 589 1562 630 etiam

217 644 339 686 affuit
379 643 416 684 ei
456 644 500 685 in
540 642 702 684 iudicio
745 658 941 685 caussam
971 659 1092 685 suam
1124 643 1286 685 dicenti
1317 650 1446 699 atque
1477 660 1563 687 una

216 717 314 743 cum
358 700 452 741 aliis
493 700 670 742 inultam
708 717 787 756 pro
831 716 880 742 eo
922 699 1134 756 spondere
1174 707 1350 757 paratus
1380 702 1481 753 fuit3
1521 719 1561 743 v.

214 758 405 815 Apolog.
439 757 607 800 Socrat.
638 773 679 813 p.
713 759 779 799 35.
814 757 869 798 D.
903 759 969 798 38.
1003 758 1054 798 Β.
1127 756 1245 810 Quin
1286 759 1413 799 etiam
1441 759 1563 800 vadi-

214 815 405 858 monium
436 830 515 870 pro
545 830 594 856 eo
626 815 837 870 suscepit,
878 814 1004 856 sicuti
1044 829 1094 855 ex
1126 814 1359 856 Phaedone
1390 831 1432 870 p.
1468 818 1563 858 115.

216 873 273 915 D.
306 871 582 928 intelligitur,
616 878 745 926 atque
777 871 920 913 omnia
950 871 1157 924 tentavit,
1199 879 1244 913 ut
1284 872 1414 913 etiam
1454 879 1561 914 tem-

215 946 320 986 pore
351 929 717 986 periculosissimo
751 929 908 970 veteris
940 929 1065 971 amici
1109 935 1152 970 et
1187 928 1409 971 familiaris
1437 930 1565 971 saluti

216 988 474 1030 consuleret.

329 1044 375 1086 Is
416 1044 551 1099 igitur
592 1043 635 1084 in
666 1043 748 1084 hoc
781 1042 953 1099 dialogo
982 1042 1120 1097 ipsius
1147 1043 1320 1084 nomine
1352 1044 1562 1099 inscripto

216 1102 286 1143 die
319 1108 417 1142 ante
439 1100 631 1143 Socratis
662 1106 844 1141 mortem
873 1099 1001 1141 tertio
1032 1100 1170 1153 primo
1202 1099 1341 1141 adhuc
1373 1099 1563 1142 diluculo

216 1159 271 1201 ad
301 1159 417 1200 hunc
446 1159 488 1199 in
519 1171 748 1210 carcerem,
780 1156 824 1197 in
856 1171 981 1211 quem
1014 1156 1237 1197 coniectus
1270 1162 1386 1210 erat,
1419 1172 1564 1198 narra-

215 1224 286 1258 tur
324 1215 519 1268 venisse,
562 1223 610 1255 ut
649 1229 745 1255 euni
785 1211 839 1253 ad
880 1213 1026 1269 fugam
1056 1212 1365 1268 capessendam
1395 1228 1564 1268 permo-

216 1280 359 1325 veret,
393 1272 447 1313 ad
480 1286 607 1327 quam
641 1270 766 1311 amici
797 1269 932 1325 ipsius
964 1269 1046 1310 iam
1081 1269 1224 1310 omnia
1254 1277 1480 1325 parassent
1508 1271 1563 1325 ’¹‘).

214 1331 339 1373 Fecit
369 1336 512 1371 autem
543 1327 670 1369 Plato
701 1326 947 1380 Socratem,
989 1341 1121 1380 quum
1155 1327 1316 1368 amicus
1345 1327 1388 1368 in
1420 1334 1565 1369 custo-

214 1389 318 1430 tiam
349 1385 662 1442 ingrederetur,
694 1399 831 1438 usque
856 1383 1107 1425 suavissime
1140 1383 1436 1437 dormientem,
1469 1382 1565 1425 Cri-

216 1453 449 1498 tonemque
478 1441 634 1484 deinde
666 1442 704 1482 ei
733 1440 970 1497 paullisper
999 1440 1058 1481 ita
1090 1440 1364 1494 assidentem,
1396 1448 1447 1482 ut
1477 1456 1563 1482 non

216 1503 307 1544 sine
347 1515 504 1554 magna
540 1497 728 1553 quadam
759 1497 1042 1538 admiratione
1079 1497 1159 1538 viri
1191 1496 1244 1537 ad
1277 1498 1431 1553 capitis
1460 1513 1562 1553 sup-

215 1559 392 1616 plicium
426 1554 712 1598 *condemnati
752 1555 937 1608 quietem
983 1560 1027 1594 et
1074 1554 1430 1608 tranquillitatem
1472 1554 1563 1595 ani-

215 1615 472 1658 madvertat.
540 1612 618 1653 Ille
650 1627 752 1653 vero
783 1610 959 1652 tandem
991 1626 1012 1651 c
1043 1625 1192 1652 somno
1227 1611 1561 1667 expergefactus

214 1673 408 1725 miratur,
441 1668 558 1726 quod
586 1669 749 1711 amicus
781 1674 869 1709 tam
898 1667 1033 1709 multo
1062 1682 1186 1708 inane
1215 1667 1299 1709 hoc
1331 1668 1402 1709 die
1433 1683 1563 1710 vene-

215 1730 295 1783 rit,
337 1729 517 1783 eiusque
548 1726 611 1768 rei
641 1740 839 1767 caussam
869 1724 1126 1766 sciscitatur.
1189 1723 1289 1777 Quo
1331 1726 1446 1766 sacto
1476 1724 1561 1778 hic,

214 1787 295 1828 viri
335 1784 625 1828 constantiam
664 1788 707 1824 et
747 1781 878 1823 animi
915 1781 1175 1835 aequitatem
1213 1782 1255 1822 in
1297 1788 1419 1823 tanta
1450 1781 1563 1823 cala-

215 1844 366 1887 mitate
395 1841 655 1893 admiratus,
688 1839 886 1880 nuntium
917 1853 963 1879 se
995 1838 1056 1879 ait
1083 1837 1236 1879 afferre
1268 1839 1562 1880 tristissimum

216 1908 346 1955 atque
377 1898 701 1956 gravissimum:
735 1911 889 1937 navem
921 1895 1033 1936 enim
1065 1909 1244 1949 sacram,
1272 1895 1316 1936 in
1344 1894 1562 1950 Apollinis

212 1958 420 1999 honorem
460 1956 506 1996 in
541 1953 704 1996 Delum
740 1952 929 1994 insulam
965 1951 1077 1993 mitti
1116 1953 1347 2007 quotannis
1375 1952 1562 2005 solitam,

213 2014 298 2056 hoc
328 2012 397 2054 die
429 2026 523 2053 esse
552 2009 805 2062 redituram,
837 2023 922 2062 qua
951 2023 1124 2050 reversa
1144 2009 1183 2050 ei
1202 2009 1470 2050 moriendum
1491 2008 1560 2050 sit.

213 2071 368 2126 Itaque
400 2073 526 2124 rogat
556 2082 653 2108 eum
682 2065 913 2108 tenerrimo
947 2079 1044 2106 cum
1066 2066 1222 2107 amoris
1243 2065 1401 2107 affectu
1430 2072 1561 2119 atque

214 2129 438 2179 obsecrat,
470 2131 519 2166 ut
548 2138 663 2165 nunc
693 2122 869 2174 saltem,
903 2120 1002 2162 dum
1034 2121 1176 2163 adhuc
1204 2121 1355 2175 liceat,
1403 2137 1561 2177 oppor-

213 2184 444 2226 tunitatem
476 2188 520 2223 et
549 2180 822 2223 occasionem
853 2193 874 2219 e
910 2177 1107 2219 custodia
1136 2177 1413 2234 aufugiendi,
1458 2193 1482 2219 a
1514 2193 1560 2220 se

214 2241 458 2294 ceterisque
490 2237 639 2280 amicis
670 2241 888 2292 paratam,
930 2234 1130 2291 arripiat,
1170 2234 1302 2290 idque
1334 2235 1560 2277 consilium

213 2299 253 2340 ei
284 2295 552 2355 gravissimis
582 2292 847 2351 argumentis
871 2291 1170 2334 commendare
1203 2298 1247 2333 et
1276 2292 1459 2348 probare
1488 2306 1560 2334 co-

212 2362 353 2397 natur.
414 2351 504 2396 Sed
534 2366 674 2407 neque
703 2348 886 2406 periculi
915 2348 1174 2392 imminentis
1203 2348 1456 2406 magnitudo
1486 2363 1560 2390 ne-

214 2426 296 2467 que
326 2425 477 2468 preces
509 2409 742 2451 amicorum
771 2405 1026 2448 tenerrimae
1049 2406 1258 2461 efficiunt,
1289 2412 1338 2447 ut
1355 2405 1560 2448 Socrates

259 2569 298 2611 ὖ)
324 2570 410 2601 Rem
440 2572 637 2600 memorant
666 2558 768 2599 etiam
793 2568 928 2598 Auctor
952 2567 1106 2608 Apolog.
1138 2567 1301 2608 Xenoph.
1338 2566 1368 2606 ξ.
1396 2565 1458 2599 23:
1492 2566 1558 2596 τῶν

328 2615 471 2657 ἑταίρων
510 2613 666 2653 ἐκκλέψαι
707 2609 815 2644 αὐτὸν
851 2612 1076 2654 βουλομένων
1108 2609 1170 2653 οὐχ
1202 2609 1366 2652 &maluero
1400 2624 1427 2643 κ.
1466 2623 1490 2643 τ.
1531 2613 1556 2643 λ.

327 2661 551 2694 Plutarch.
582 2660 627 2692 ll.
659 2670 692 2701 p.
723 2659 823 2693 1126.
857 2659 918 2692 13:
954 2657 1143 2701 Σωκράτης
1172 2657 1251 2698 μετὰ
1284 2655 1343 2700 τὴν
1376 2656 1557 2700 καταδίκην

326 2708 443 2749 φυγῆς
469 2703 562 2750 αὐτῷ
586 2705 818 2748 μηχανημένης
844 2702 913 2737 ὑπὸ
940 2705 1006 2736 τῶν
1032 2707 1141 2746 φίλων
1166 2702 1230 2737 οὐκ
1256 2702 1419 2747 ἐχρήσατο
1436 2717 1463 2737 κ.
1484 2717 1510 2736 τ.
1530 2706 1555 2736 λ.

326 2754 495 2796 Respexit
523 2754 597 2794 ipse
623 2753 756 2785 Plato
783 2752 964 2785 Phaedon.
989 2762 1020 2795 p.
1045 2752 1099 2787 99.
1125 2753 1170 2785 A.
