1644 3039
498 169 590 211 AD
632 169 1039 212 CRITONEM.
1367 171 1436 208 lsi

91 300 222 339 quam
261 284 404 326 vitalis
434 283 744 335 vide1isoleat,
776 288 866 323 tum
891 283 1026 324 multo
1058 283 1186 324 etiam
1217 282 1353 338 magis
1385 283 1443 323 ita

89 340 271 382 iudicari
302 346 518 396 oportere,
551 339 688 382 sicubi
709 339 876 381 animus
906 340 1142 382 iniustitiae
1167 339 1309 380 labem
1341 355 1441 380 con-

90 397 281 439 traxerit.
351 397 419 439 Ex
459 413 544 452 quo
584 396 767 452 colligit,
785 411 872 438 non
923 404 1011 438 tam
1051 395 1288 460 curandum
1331 411 1440 460 esse,

91 453 196 509 quid
224 454 382 511 vulgus
413 454 631 495 hominum
662 453 877 494 existimet
918 469 1044 508 quam
1079 453 1183 508 quid
1226 453 1290 494 vir
1319 453 1442 494 iusti-

89 511 175 552 tiae
194 526 353 568 gnarus
376 521 506 565 atque
537 517 654 552 rec-ta
683 509 792 551 ratio
824 509 1006 551 suadeat
1030 511 1120 565 (47.
1144 509 1247 552 C—
1257 511 1325 551 48.
1346 512 1439 564 A..)

90 546 260 621 Quibus
292 567 490 609 omnibus
521 568 558 608 si
588 567 684 622 quis
716 573 908 622 opponat
937 567 1092 623 wulgus
1127 582 1208 608 nos
1242 566 1441 609 occidere

88 640 243 680 posse,
284 623 597 666 recordandum
637 638 730 666 esse
770 605 1037 677 arbitratur,
1071 624 1293 679 superiore
1333 631 1440 665 tem-

88 697 193 737 pore
223 682 343 737 ipsos
374 681 499 722 eti-im
532 682 590 722 ita
619 680 850 732 statuisse,
897 688 945 721 ut
988 696 1075 722 non
1115 681 1249 722 vitam
1289 697 1366 736 per
1395 696 1442 722 se

89 744 343 793 spectatam,
376 738 453 779 sed
472 738 604 779 vitam
626 737 864 789 honestam,
896 736 1084 792 ideoque
1108 739 1235 780 etiam
1267 738 1440 790 iustam,

87 795 262 850 plurimi
311 794 620 836 aestimandam
673 809 766 836 esse
812 792 985 835 iudieav
989 796 1122 847 erint,
1172 810 1282 848 quae
1332 795 1441 835 1ati0

89 857 206 894 certe
240 852 367 899 etiam
398 867 511 893 nunc
543 867 681 906 usque
712 858 831 893 recta
860 857 990 906 atque
1026 866 1125 892 vera
1153 851 1269 892 iudic
1275 852 1334 892 ari
1368 851 1442 893 de-

88 909 190 950 beat
220 910 282 964 (p.
312 910 380 950 48.
412 911 522 950 A—
533 908 620 962 B..)
654 934 696 937 —
755 907 837 949 His
868 923 968 949 v·e10
1000 915 1232 972 postquam
1264 908 1439 949 demon-

87 972 270 1007 stratum
307 971 375 1006 est
414 980 499 1006 non
540 965 759 1007 hominum
789 964 1017 1019 opiniones
1049 965 1093 1005 in
1134 963 1303 1021 agendo
1344 980 1442 1019 spe-

88 1021 268 1064 ctandas
298 1037 407 1076 esse,
440 1020 516 1064 sed
548 1022 709 1076 ubique
745 1020 1010 1086 sequendam
1041 1037 1086 1063 65
1090 1037 1135 1063 56
1167 1022 1369 1077 sapienti„
1358 1038 1438 1074 ιιιιι,

87 1078 372 1132 honestatem,
406 1078 593 1134 denique
623 1079 848 1131 iustitiam,
880 1078 1157 1135 progreditiu
1179 1079 1246 1119 ιιι
1264 1079 1440 1133 sapiens

89 1135 144 1176 ad
175 1135 486 1191 explorandum
525 1135 597 1189 id,
640 1134 693 1177 de
724 1150 809 1189 quo
854 1150 968 1176 nunc
999 1135 1280 1177 cummaxime
1312 1151 1442 1192 agen-

88 1191 191 1233 dum
229 1192 323 1234 fuit.
394 1191 701 1245 Quaerendum
741 1191 852 1233 enim
901 1199 1070 1256 censet,
1122 1171 1442 1233 iusu1mne³a11

86 1249 292 1291 iniustum
330 1249 521 1290 futurum
560 1249 640 1302 sit,
683 1248 718 1290 si
747 1248 882 1290 invita
914 1248 1087 1290 civitate
1116 1249 1350 1304 invitisque
1382 1249 1442 1290 le-

87 1306 215 1362 gibus
246 1305 432 1362 publicis
463 1321 515 1347 ex
546 1321 718 1348 carcere
748 1306 953 1362 aufugere
985 1312 1192 1358 conetur,
1224 1305 1442 1360 siquidem

85 1378 187 1418 prae
232 1362 312 1404 hac
352 1363 608 1417 quaestione
647 1362 731 1403 alia
770 1362 914 1403 omnia
952 1362 1066 1403 levia
1099 1362 1200 1404 duci
1240 1362 1440 1405 debeant

85 1419 210 1484 Quae
241 1419 414 1475 quidem
445 1420 640 1484 quaestio
672 1434 757 1474 quo
788 1419 957 1461 facilius
974 1415 1258 1475 expediatur,
1292 1419 1438 1461 denuo

83 1477 128 1517 in
167 1477 308 1517 fronte
351 1476 741 1532 argumentationis
786 1476 912 1532 ponit
941 1483 1148 1530 tanquam
1179 1477 1440 1532 prlncipium

86 1532 319 1588 quoddam,
354 1512 425 1574 dee>
441 1533 563 1575 cuius
596 1533 781 1574 veritate
811 1533 924 1574 inter
950 1533 1070 1588 ipsos
1102 1534 1186 1574 iam
1217 1533 1440 1589 superiore

85 1596 278 1646 tempore
309 1590 573 1632 convenerit.
628 1589 793 1633 Statuit
814 1590 925 1631 enim
947 1589 1065 1631 nullo
1087 1606 1280 1645 unquam
1312 1597 1440 1646 pacto

87 1662 138 1688 ac
174 1646 294 1688 nulla
330 1647 446 1688 vitae
490 1646 738 1689 conditione
780 1647 980 1702 cuiquam
1024 1647 1153 1688 licere
1185 1648 1344 1689 iniuste
1378 1648 1441 1688 fa-

87 1719 204 1756 cere,
235 1703 421 1758 ideoque
453 1719 533 1746 nec
563 1704 670 1745 alios
703 1703 893 1745 vicissim
925 1703 1098 1745 laedere
1130 1720 1209 1746 nec
1241 1705 1441 1746 iniuriam

85 1760 242 1802 iniuria
267 1761 476 1858 referre,B
495 1760 697 1815 quoniam
741 1759 784 1800 id
816 1761 958 1816 ipsum
990 1775 1163 1815 quoque
1194 1761 1251 1802 sit
1281 1761 1440 1803 iniuste

85 1818 228 1859 facere
259 1818 323 1873 (p.
349 1817 476 1861 48.B
492 1843 535 1849 —
554 1818 622 1858 49.
651 1817 741 1872 Ε).
802 1816 902 1869 Quo
934 1818 994 1858 ita
1026 1818 1279 1871 constituto,
1311 1833 1440 1873 porro

86 1880 429 1939 argumentatur,
461 1889 515 1916 ne
546 1880 721 1929 pactum
745 1873 919 1928 quidem
940 1889 1037 1916 cum
1063 1875 1207 1930 aliquo
1232 1882 1441 1930 tanquam

86 1932 248 1973 iustum
286 1931 440 1972 initum
478 1930 728 1973 violandum
767 1946 860 1972 6556
903 1931 1012 1976 fide.
1061 1946 1172 1986 quae
1224 1931 1326 1973 data
1369 1932 1439 1985 sit,

86 1987 197 2030 male
235 1987 446 2045 neglecta.
516 1987 640 2041 Quae
684 1988 900 2030 sententia
949 2004 1036 2042 quo
1086 1988 1163 2030 fiat
1214 1989 1438 2041 illustrior,

86 2044 186 2086 inde
216 2060 241 2086 a
268 2024 410 2100 1350.
443 2047 485 2086 A
515 2060 610 2100 sqq.
682 2045 828 2101 Leges
870 2045 1068 2101 publicas
1111 2045 1281 2087 inducit
1309 2046 1441 2087 verba

89 2102 299 2144 facientes
342 2108 472 2156 atque
504 2101 668 2143 dise1ta
700 2102 894 2144 oratione
935 2102 1309 2155 demonstrantes,
1352 2118 1440 2143 ma-

87 2159 244 2199 ximam
283 2159 375 2200 fore
413 2159 693 2212 iniustitiam,
744 2159 781 2201 si
819 2159 913 2224 ipse
953 2159 1090 2200 invita
1125 2159 1347 2214 republica
1389 2175 1441 2200 ex

88 2215 296 2268 vinculis,
336 2216 381 2256 in
424 2231 534 2270 quae
573 2218 794 2258 coniectus
828 2217 906 2269 sit,
948 2215 1218 2257 clandestino
1259 2216 1441 2258 consilio

90 2271 299 2335 aufugere
331 2271 501 2313 audeat.
563 2272 739 2329 Quippe
771 2249 930 2315 docexit
960 2272 1057 2313 illae
1097 2273 1240 2314 verbis
1273 2274 1440 2328 gravis-

89 2327 207 2370 simis
237 2327 300 2369 ita
328 2334 444 2370 certe
475 2330 668 2370 futurum
700 2345 815 2383 esse,
856 2337 905 2371 ut
946 2330 1039 2385 ipse
1082 2345 1161 2384 pro
1210 2345 1288 2371 sua
1318 2336 1440 2394 parte

90 2384 256 2427 civitati
297 2385 524 2427 universae
577 2392 704 2441 atque
754 2386 926 2444 legibus
974 2386 1159 2442 publicis
1207 2387 1441 2442 perniciem

90 2442 306 2507 moliatur,
340 2457 472 2496 quum
501 2449 643 2483 tamen
674 2443 757 2485 illis
788 2445 973 2485 maxima
1002 2443 1214 2485 beneficia
1244 2442 1440 2499 adeoque

89 2499 230 2554 ipsam
259 2498 394 2540 vitam
435 2506 565 2554 atque
593 2500 878 2542 eruditionem
909 2506 1089 2555 accepta
1108 2500 1268 2541 referat
1288 2501 1350 2556 (p.
1372 2502 1439 2542 50.

90 2555 271 2610 A—D.)
304 2563 349 2597 et
378 2555 591 2597 bonorum
622 2558 810 2598 omnium
841 2557 999 2598 iudicio
1030 2557 1157 2613 longe
1188 2558 1440 2613 pauentibus

91 2618 166 2653 aut
197 2612 371 2654 domino
404 2612 678 2655 sanctoribus
710 2620 752 2655 et
780 2594 1167 2656 venerabilioribus
1201 2615 1262 2668 (p.
1286 2616 1351 2655 51.
1383 2615 1437 2656 A.

92 2668 166 2723 B.)
198 2685 292 2710 eam
323 2669 482 2711 debeat
511 2670 795 2712 leverentiam
819 2677 861 2713 et
881 2670 1184 2723 obedientiam,
1217 2676 1265 2712 ut
1295 2687 1439 2713 earum

92 2726 220 2768 mssis
251 2741 471 2782 nunquam
502 2742 591 2769 non
623 2727 919 2784 obtempeiare
950 2732 1013 2770 tas
1042 2726 1244 2770 videatur
1274 2728 1337 2784 (p.
1370 2731 1437 2770 50.
