1644 3039
173 211 490 254 PLATONIS
522 209 904 253 APOLOGIAM
937 210 1255 253 SOCRATIS.
1338 211 1392 250 Ἦ

46 340 148 366 num
179 324 233 366 de
264 325 446 381 singulis
489 323 746 380 quibusdam
785 322 867 365 diis
900 324 1051 378 patriis
1083 340 1132 365 ea
1162 325 1205 365 in
1239 339 1395 366 caussa

46 382 315 438 cogitaverit.
376 383 438 423 At
467 382 577 424 0111111
608 396 709 422 vero
741 386 788 420 ut
818 379 899 421 hoc
930 397 1014 422 11011
1041 382 1101 422 ita
1130 381 1295 435 feccrit⁷
1326 387 1394 422 ta-

44 454 142 480 men
182 439 383 480 universe
431 438 485 480 de
532 437 705 479 numine
747 436 894 478 divino
941 437 1201 494 cogitavisse
1246 438 1394 480 existi—

44 494 226 537 mandus
259 501 350 548 est,
394 493 753 549 quemadmodum
785 492 945 536 Graeci
982 502 1026 536 et
1063 495 1213 536 Latini
1252 495 1394 536 facere

44 552 209 605 solent,
251 552 389 594 sicubi
429 553 663 608 generatim
705 550 783 592 τὸν
826 551 938 592 θεόν
982 552 1050 593 vel
1092 551 1248 593 deum
1279 567 1395 593 com-

45 615 305 662 memorant,
350 609 411 649 ita
452 608 625 663 quidem
664 614 713 649 ut
743 609 959 649 communi
1001 609 1186 650 numinis
1217 609 1395 650 notione

45 682 170 707 omne
218 665 395 707 deorum
454 665 796 719 daemoniumque
847 681 983 718 genus
1040 666 1395 721 complectantur.

46 722 179 775 Quod
211 723 247 763 si
278 723 338 763 ita
368 729 460 775 est,
494 728 647 778 sponte
678 722 963 778 intelligitur,
999 738 1085 776 quo
1116 723 1206 763 iure
1239 722 1396 765 Socra-

44 786 109 821 tes
141 779 259 834 apud
287 779 513 821 Platonem
543 780 601 820 ita
630 779 813 833 loquens
853 779 1108 833 inducatur⁷
1147 786 1196 820 ut
1235 795 1287 820 ex
1336 781 1396 830 τῷ

45 839 158 889 θείῳ
191 839 264 878 καὶ
295 840 507 892 ὄαιμονίῳ
541 838 657 891 (nam
691 847 920 890 utrumque.
951 853 991 892 p.
1013 838 1081 878 31.
1113 835 1162 877 C.
1193 835 1396 892 prudenti

45 893 224 936 001181110
267 893 566 950 coniungitur)
608 893 710 935 satis
750 908 956 949 apparere
996 892 1254 946 contendat7
1300 909 1396 935 sese

45 949 149 992 deos
190 956 321 1004 atque
363 950 594 992 daemones
633 964 728 992 esse
762 949 951 1007 credere.
1015 951 1128 992 Nam
1160 965 1292 1004 quum
1329 949 1397 991 di-

44 1007 133 1048 vini
171 1007 359 1048 numinis
397 1008 517 1049 notio
556 1022 702 1049 omnes
743 1007 916 1049 omnino
958 1007 1063 1048 (cleos
1107 1007 1269 1048 ambitu
1312 1022 1390 1049 8110

44 1064 380 1119 complectatur,
419 1065 559 1120 ipsum
601 1070 744 1105 autem
774 1064 946 1106 aliunde
979 1070 1151 1105 constet
1181 1064 1286 1106 deos
1317 1080 1396 1120 po-

42 1121 214 1177 pulares
253 1120 373 1162 cultu
413 1120 560 1163 divino
612 1127 924 1176 prosequutum
970 1137 1091 1174 0880,
1143 1127 1258 1163 certe
1310 1137 1396 1163 non

42 1178 186 1233 potuit
208 1176 268 1225 ,de
301 1177 393 1220 aliis
425 1178 532 1230 diis,
576 1194 703 1233 quam
743 1194 925 1233 quorum
958 1178 1100 1220 cultus
1130 1179 1243 1219 inter
1274 1178 1392 1220 cives

44 1249 144 1276 81108
174 1234 340 1289 vigeret
368 1236 630 1291 publicaque
663 1235 916 1277 auctoritate
940 1235 1131 1277 sancitus
1154 1241 1281 1289 esset⁷
1312 1235 1398 1277 ista

45 1291 307 1332 contendere
338 1298 382 1332 et
412 1307 672 1333 asseverare.

155 1348 320 1389 Verum
353 1349 459 1390 satis
491 1348 544 1390 de
576 1348 656 1390 his.
717 1347 900 1389 Brevior
941 1349 1022 1390 erit
1061 1348 1298 1390 admonitio
1343 1348 1396 1390 de

42 1405 140 1446 loco
177 1405 397 1460 proximo,
440 1420 524 1460 quo
565 1405 767 1448 Socrates
809 1405 1059 1462 religionem
1102 1421 1152 1447 ac
1191 1406 1397 1461 pietatem

44 1476 166 1502 suam
206 1461 333 1502 etiam
378 1477 431 1502 ex
471 1462 582 1503 vitae
614 1468 836 1503 anteactae
867 1463 1072 1504 memoria
1104 1468 1232 1516 atquc
1264 1462 1396 1504 officii

44 1524 87 1559 et
115 1517 318 1567 muneris„
350 1517 467 1572 quod
500 1519 706 1575 gesserit,
740 1518 857 1560 fideli
888 1519 1261 1561 administratione
1294 1535 1397 1561 con-

43 1581 240 1616 testatur.
299 1575 456 1616 Fuisse
488 1576 601 1616 enim
640 1577 732 1617 viro
773 1577 1047 1618 sanctissimo
1086 1576 1260 1631 penitus
1299 1592 1396 1632 per-

43 1647 233 1685 suasum,
267 1647 361 1674 sese
392 1647 470 1685 00,
502 1632 619 1687 quod
650 1633 766 1674 cives
798 1639 840 1674 et
870 1632 1104 1688 populares
1136 1649 1238 1675 81108
1270 1649 1294 1674 a
1323 1649 1397 1674 va-

44 1704 124 1730 nae
160 1689 396 1745 sapientiae
442 1689 645 1743 opinione
678 1696 882 1732 avocatos
914 1689 969 1731 ad
1000 1690 1292 1745 quaerendam
1326 1707 1396 1732 ve-

44 1761 134 1787 ram
161 1761 305 1788 rerum
334 1747 556 1788 scientiam
586 1747 834 1788 institueret
877 1763 1013 1801 eaque
1052 1748 1218 1788 ratione
1250 1748 1397 1803 impri-

43 1803 121 1844 mis
153 1803 281 1844 etiam
313 1802 368 1844 ad
397 1803 624 1850 virtutem,
665 1819 776 1857 quae
806 1804 999 1846 veritatis
1031 1804 1212 1845 scientia
1240 1820 1396 1845 vacare

44 1875 131 1901 non
160 1867 334 1914 posset,
374 1875 512 1913 usque
542 1860 817 1912 inst-›rmaret7
865 1876 1019 1902 munus
1062 1860 1270 1901 divinitus
1313 1861 1396 1902 sibi

45 1916 293 1971 impositum
334 1916 451 1957 obire
491 1915 675 1971 ideoque
714 1916 841 1958 etiam
892 1933 943 1959 ex
992 1917 1196 1959 mandato
1249 1917 1395 1959 divino

47 1987 195 2028 agere,
240 1972 285 2013 id
316 1972 489 2026 quidem
526 1979 613 2014 tam
644 1979 763 2014 extat
791 1975 1087 2028 manifestum,
1120 1981 1168 2015 ut
1197 1981 1300 2030 post
1329 1990 1394 2027 ea⁷

50 2044 161 2083 quae
192 2029 276 2070 iam
304 2030 349 2070 in
380 2030 672 2085 superioribus
703 2029 755 2071 de
786 2030 867 2072 hac
887 2031 1082 2074 Socratis
1114 2031 1395 2087 persuasione

46 2086 345 2140 exposuimus,
384 2101 437 2127 ne
478 2088 609 2129 verbo
641 2087 813 2142 quidem
845 2104 894 2129 ea
925 2088 977 2129 de
1008 2104 1053 2130 re
1086 2088 1396 2144 disputandum

44 2142 255 2184 videatur.
315 2143 384 2184 Ex
414 2158 500 2198 quo
533 2151 688 2200 sponte
721 2146 1024 2200 consequitur⁷
1058 2144 1284 2188 Socratem
1315 2145 1395 2187 hac

47 2214 218 2253 quoque
263 2215 315 2241 ex
352 2207 475 2254 parte
507 2208 748 2257 spectatum
779 2201 822 2242 111
852 2202 1071 2259 Apologia
1102 2202 1297 2244 Platonis
1330 2208 1396 2243 ta-

45 2255 129 2295 lem
182 2257 515 2311 repraesentari7
567 2258 705 2312 qualis
759 2274 906 2300 revera
953 2260 1084 2300 fuerit
1138 2260 1393 2314 qualemque

47 2326 142 2353 sese
169 2327 248 2366 per
275 2319 408 2354 totam
438 2315 571 2356 vitam
600 2315 878 2370 praestiterit.

159 2368 322 2409 Verum
354 2370 457 2412 satis
487 2371 594 2413 haec
628 2371 678 2413 de
710 2373 897 2427 in'iagine
943 2373 1119 2428 pietatis
1150 2379 1190 2413 et
1221 2372 1396 2428 religio-

48 2425 114 2467 nis
146 2424 367 2480 'Socratis⁷
400 2442 526 2480 quam
558 2428 729 2482 quidem
763 2430 817 2470 ad
847 2430 983 2485 ipsius
1024 2430 1137 2471 vitae
1169 2429 1394 2470 veritatem

48 2482 91 2522 in
121 2481 202 2523 hoc
233 2482 342 2524 libro
374 2483 671 2526 adumbratam
703 2501 752 2528 ac
785 2486 1046 2542 descriptam
1078 2501 1171 2528 esse
1205 2486 1396 2528 certissi-

47 2554 162 2580 mum
201 2538 383 2581 videtur.
451 2541 679 2596 Pergimus
721 2542 776 2584 ad
815 2543 1001 2597 reliquas
1048 2549 1197 2598 partes
1244 2543 1397 2599 imagi-

47 2596 113 2637 nis
154 2596 200 2637 in
236 2597 457 2653 Apologia
494 2598 722 2640 Platonica
760 2601 1010 2656 propositae
1041 2599 1394 2654 considerandas,

49 2667 157 2707 quae
189 2659 303 2694 certe
331 2669 419 2695 non
449 2654 589 2697 minus
622 2671 775 2711 graves
807 2662 908 2698 sunt
938 2656 1245 2712 superioribus.

162 2709 400 2764 Postquam
440 2712 552 2752 enim
591 2711 932 2755 demonstratum
972 2719 1038 2755 est
1061 2718 1147 2768 pro
1181 2713 1396 2756 defensio-

50 2765 112 2807 nis
160 2768 401 2822 praesentis
450 2768 652 2819 consilio,
701 2785 906 2824 quorsum
958 2769 1153 2813 Socratis
1201 2770 1396 2826 philoso-
