1644 3039
146 234 462 278 PLATONIS
494 233 884 276 APOLOGIAM
915 231 1234 275 SOCRATIS.
1311 231 1362 270 37

20 347 226 404 Iosophus
253 347 299 390 in
326 346 555 390 scribendo
574 346 657 388 hoc
673 345 784 388 libro
809 345 916 388 nihil
937 345 1054 388 aliud
1075 347 1133 388 sit
1153 351 1365 400 sequutus

21 421 150 461 quam
181 403 300 460 quod
324 420 454 461 supra
483 403 779 446 indicavimus.
828 404 982 445 Voluit
1000 403 1112 444 enim
1142 401 1366 445 Socratem

20 477 182 519 ponere
206 468 305 503 ante
326 461 492 515 oculos,
512 460 651 516 qualis
675 475 824 502 revera
844 461 1019 511 fuisset3
1045 475 1172 515 quem
1194 457 1368 514 quidem

22 517 141 574 quod
170 519 215 559 in
245 517 433 559 medium
462 516 667 573 produxit
697 532 894 559 caussam
934 533 1054 559 suam
1085 532 1228 558 coram
1256 513 1368 556 iudi-

22 576 146 618 cibus
176 581 391 629 orantem,
423 590 509 616 una
537 573 773 629 eademque
801 589 932 630 opera
962 574 1088 615 etiam
1121 572 1164 614 id
1196 571 1369 615 efficere

23 641 204 675 conatus
252 638 342 685 est,
395 638 442 673 ut
478 631 638 673 notatis
677 631 803 672 simul
842 631 997 672 aetatis
1045 630 1185 683 vitiis,
1242 643 1369 683 quam

22 690 172 744 iniquo
211 688 372 730 iudicio
418 688 484 730 vir
521 694 608 729 tam
646 703 854 744 magnus,
904 695 992 728 tam
1034 688 1230 743 sapiens,
1284 693 1371 726 tam

23 747 196 802 publice
234 745 523 802 privatimque
561 745 704 797 utilis,
748 743 802 786 de
834 744 975 786 medio
1006 751 1120 787 esset
1158 743 1370 794 sublatus,

25 819 154 859 quam
193 802 426 844 clarissime
465 807 717 858 appareret,
758 802 1040 856 magistrique
1079 800 1288 843 memoria
1318 798 1373 840 ad

24 875 193 902 omnem
223 859 521 915 posteritatem
552 865 805 901 consecrata
833 858 1079 901 haberetur.

138 940 206 980 Ac
252 938 397 994 potuit
435 953 537 980 sane
575 939 702 980 Plato
742 937 825 980 hoc
880 937 1098 980 scribendi
1147 936 1376 978 consilium

25 1002 148 1038 tanto
189 996 351 1037 rectius
389 995 458 1036 vel
500 995 719 1052 suscipere
749 995 816 1037 vel
845 994 1048 1049 exsequi,
1090 992 1206 1048 quod
1247 993 1377 1034 etiam

27 1053 318 1095 Athenienses
347 1051 544 1105 videbat,
576 1059 824 1108 perpetrato
854 1051 1069 1104 facinore⁷
1111 1049 1379 1104 poenitentia

26 1110 90 1152 rei
118 1109 393 1152 tristissimae
431 1115 572 1151 tactos
610 1125 705 1151 esse
749 1109 1019 1166 gravissime.
1077 1107 1234 1162 Neque
1266 1106 1379 1147 enim

0 1171 2 1190 ;
28 1166 82 1210 de
111 1166 242 1208 nihilo
272 1166 497 1220 haustum,
543 1165 661 1222 quod
699 1167 930 1222 scriptores
962 1181 1047 1207 non
1079 1161 1380 1206 contemnendi

28 1230 221 1276 narrant,
255 1222 543 1265 Athenienses
563 1229 663 1278 post
684 1224 811 1265 triste
849 1222 1041 1266 Socratis
1068 1223 1201 1263 iatum
1234 1220 1380 1262 deere-

0 1297 2 1325 ζ
31 1287 122 1322 tum
153 1280 456 1336 publicavisse‚
489 1295 575 1334 quo
605 1279 882 1321 interdictum
913 1279 1056 1332 fuerit,
1089 1293 1142 1319 ne
1175 1278 1272 1333 quis
1301 1292 1381 1332 pu-

0 1345 3 1390 ξ
30 1337 143 1379 blice
173 1336 241 1378 vel
273 1336 316 1377 in
343 1336 513 1377 theatro
546 1337 805 1378 mentionem
838 1336 952 1377 illius
981 1336 1165 1388 faceret,
1207 1350 1257 1376 eo
1299 1334 1382 1375 sei-

0 1394 3 1429 3'
31 1394 134 1436 licet
166 1393 363 1446 consilio,
395 1399 443 1434 ut
471 1393 760 1450 indignissimi
779 1393 982 1434 facinoris
1014 1391 1218 1433 memoria
1247 1405 1383 1445 quan-

0 1458 5 1506 ⁵:
31 1457 126 1492 tum
153 1450 248 1491 fieri
274 1455 425 1504 posset
454 1450 709 1492 aboleretur.
768 1450 924 1504 Neque
954 1449 1039 1490 fide
1081 1459 1221 1500 caret,
1267 1446 1383 1502 quod

0 1507 164 1552 {iidem
202 1505 498 1558 tradiderunt,
543 1508 705 1548 amicos
736 1506 959 1559 Socratis,
1016 1505 1113 1561 qui,
1163 1504 1384 1547 saeviente

33 1563 303 1606 inimicorum
335 1562 436 1605 odio
477 1570 520 1604 et
549 1563 734 1617 invidia⁷
776 1564 882 1605 urbe
913 1563 1201 1604 excessissent
1238 1567 1281 1602 et
1310 1576 1386 1616 pa-

3 1621 118 1674 ,tria
156 1620 305 1662 relicta
344 1619 389 1661 in
427 1619 533 1662 alias
573 1626 710 1662 terras
753 1620 1079 1676 confugissent,
1119 1620 1162 1660 in
1201 1618 1387 1673 patriam

36 1692 132 1721 esse
158 1682 384 1719 revocatos
413 1677 560 1731 ibique
589 1683 678 1719 tam
709 1677 920 1720 benevole
951 1683 1181 1732 exceptos,
1223 1681 1271 1716 ut
1299 1689 1388 1715 me-

35 1744 106 1776 tus
137 1740 182 1776 et
212 1734 393 1791 periculi
424 1734 634 1776 immunes
658 1734 784 1790 plane
817 1734 903 1775 iam
931 1735 1164 1775 securitate
1192 1733 1387 1773 frueren-

36 1797 109 1833 tur
136 1791 192 1846 *).
251 1790 454 1845 Denique
488 1792 616 1832 etiam
648 1806 760 1845 quae
781 1806 805 1832 a
827 1790 1025 1832 Diodoro
1058 1789 1223 1842 Siculo,
1255 1788 1390 1829 Laer-

37 1848 125 1902 tio,
159 1846 419 1901 Plutarcho,
464 1847 582 1902 aliis,
625 1847 678 1889 de
721 1847 1049 1889 accusatoribus
1089 1845 1283 1889 Socratis
1321 1844 1390 1886 vel

39 1904 181 1960 eapite
211 1903 424 1945 damnatis
454 1904 525 1945 vel
560 1905 669 1946 male
700 1903 860 1946 habitis
892 1911 936 1946 ct
964 1903 1203 1945 interfectis
1232 1917 1392 1943 memo-

5 1961 130 2016 “riae
159 1960 325 2002 tradita?
347 1967 448 2002 sunt
477 1961 566 2015 **),
598 1961 659 2003 ita
688 1960 891 2003 videntur
921 1967 1173 2016 comparata
1203 1974 1313 2012 esse,
1345 1964 1394 2000 ut

43 2033 171 2075 aegre
213 2017 385 2073 possint
422 2017 468 2059 in
508 2018 820 2060 dubitationem
865 2018 1025 2060 vocari.
1095 2018 1251 2071 Neque
1290 2031 1393 2057 vero

42 2089 200 2118 causae
227 2074 353 2116 istius
385 2074 690 2130 poenitentiae,
723 2090 833 2130 quae
863 2076 1022 2117 civium
1051 2075 1229 2127 animos,
1256 2072 1395 2114 turbis

44 2131 244 2174 civilibus
273 2131 505 2186 aliquando
537 2132 815 2188 compositis,
845 2132 1004 2179 subiit,
1034 2132 1122 2174 ullo
1155 2130 1285 2172 inodo
1319 2130 1395 2171 ob-

45 2204 195 2231 scurae
235 2195 348 2230 sunt.
417 2188 531 2231 Nam
572 2189 756 2245 primum
798 2189 971 2243 quidem
1003 2188 1398 2229 animadverterunt

45 2245 361 2298 Athenienses,
403 2261 499 2288 sese
539 2261 588 2288 eo
622 2247 806 2288 maxime
847 2247 900 2288 ab
933 2245 1282 2297 accusatoribus,
1324 2242 1398 2297 qui

47 2301 216 2357 privato
266 2303 412 2356 potius
452 2302 552 2345 odio
599 2319 727 2358 quam
764 2317 943 2360 propter
992 2302 1191 2358 publicae
1244 2300 1397 2342 salutis

51 2357 242 2400 studium
282 2373 427 2400 senem
472 2360 709 2416 sapientem
742 2361 1089 2406 accusavissent,
1127 2358 1170 2399 in
1212 2373 1399 2399 errorem

49 2415 184 2457 fuisse
213 2421 478 2470 pertractos,
511 2416 630 2470 quod
660 2417 732 2459 isti
761 2417 1036 2459 callidissime
1066 2414 1112 2456 id
1142 2426 1313 2470 tempus
1345 2412 1400 2454 ad

50 2470 343 2514 accusandum
373 2471 664 2530 delegissent,
697 2490 782 2530 quo
812 2474 1016 2516 facillime
1047 2472 1177 2514 animi
1206 2472 1251 2513 in
1281 2486 1401 2512 reum

123 2666 161 2706 ⁴⁵)
189 2676 220 2700 v,
249 2665 388 2728 nrm-'k
406 2674 459 2697 pr.
487 2663 578 2717 nist.
608 2643 739 2695 1>1=÷10ss
763 2663 839 2697 v01.
868 2664 890 2696 1.
922 2664 1014 2697 Part.
1041 2663 1089 2695 11.
1116 2662 1208 2695 mm.
1242 2663 1281 2697 ιι.
1315 2662 1400 2705 cap,

113 2757 164 2797 **)
189 2712 232 2789 iv!
257 2709 839 2798 {brixinieiiliarhiiiiffipigliffs(3¹24.
871 2748 905 2787 et
937 2754 1095 2787 Luznc.
1131 2755 1226 2787 Orat
1259 2754 1301 2788 de
1335 2755 1402 2787 So-

191 2809 284 2836 crate
308 2802 403 2834 Cive.
430 2813 462 2843 p.
487 2801 528 2836 41
558 2812 632 2844 sqq.
661 2808 695 2835 et
720 2815 751 2845 ρ.
778 2803 840 2837 131
869 2812 944 2842 sqq.
