1644 3039
233 175 340 216 XV]

231 289 330 330 stris
362 289 629 343 accepisset,
662 294 709 328 ut
740 288 783 329 in
813 288 1033 330 interiores
1067 303 1204 329 rerum
1246 304 1397 333 causas
1430 291 1571 346 inqui—

228 361 324 388 rere
365 351 407 387 et
445 345 727 386 humanarum
765 361 905 386 rerum
948 345 1091 387 studio
1144 344 1383 388 divinarum
1431 363 1574 389 rerum

229 402 635 458 contemplationem
679 401 913 458 adiungere
945 402 1153 443 studeret.
1213 402 1366 457 Itaque
1397 405 1573 447 investi-

228 459 349 515 gavit
379 466 585 512 tanquam
616 458 943 500 fundamentum
975 458 1209 512 quoddam,
1243 459 1286 500 in
1320 476 1405 514 quo
1436 468 1573 503 totum

229 516 450 557 doctrinae
495 529 597 556 suae
637 515 883 557 aedificium
914 521 1177 568 exstrueret,
1223 518 1574 573 excogitavitque

227 573 417 614 nobilem
465 572 580 613 illam
628 572 894 626 multumque
942 572 1198 614 celebratam
1243 572 1482 615 doctrinam
1523 574 1575 616 de

226 629 363 683 ideis,
404 628 459 669 ad
489 643 617 683 quam
646 635 850 683 tanquam
881 628 936 669 ad
966 629 1225 684 principium
1257 644 1381 671 suum
1411 631 1576 686 reliqua

228 686 371 728 onmia
399 686 589 727 referret.
659 684 790 738 Quod
836 701 920 740 quo
956 692 1146 741 tempore
1176 686 1350 740 fecerit,
1385 703 1472 728 non
1498 703 1574 743 po-

227 749 315 785 test
363 749 481 784 certo
524 742 718 784 definiri:
769 742 877 783 illud
918 749 1060 784 tamen
1100 749 1262 783 certum
1303 744 1573 798 arbitramur,

227 799 346 854 quod
375 799 459 840 iam
492 813 622 855 supra
650 798 857 853 diximus,
890 814 1008 850 eum,
1047 805 1278 854 postquam
1308 799 1576 843 Parmenidis

227 856 467 898 doctrinam
504 856 805 912 cognovisset,
858 856 1081 911 paullatim
1121 856 1174 897 ad
1213 856 1329 897 illam
1376 857 1428 898 de
1466 857 1575 899 ideis

227 913 484 955 sententiam
513 914 582 954 vel
607 912 910 954 inveniendam
940 912 1009 954 vel
1028 913 1293 969 argumentis
1317 914 1575 955 confirman-

226 969 325 1011 dam
365 969 552 1011 delatum
594 984 690 1011 esse
727 970 780 1022 ²¹⁶).
851 970 966 1011 Nam
1023 970 1181 1011 sensim
1225 976 1268 1011 et
1310 970 1576 1025 pedetentim

225 1027 309 1068 hoc
348 1027 509 1068 {actum
552 1041 647 1068 esse
686 1025 756 1067 vel
795 1042 847 1067 ex
890 1026 1031 1082 priore
1070 1033 1192 1082 parte
1223 1027 1433 1070 sermonis
1461 1027 1575 1069 illius

226 1083 440 1125 coniicere
471 1083 586 1136 licet,
620 1083 694 1138 qui
728 1082 996 1124 Parmenidis
1027 1084 1199 1124 nomine
1229 1083 1463 1140 inscriptus
1494 1095 1573 1126 est.

226 1140 315 1183 Sed
345 1139 600 1182 accedamus
641 1139 696 1181 ad
735 1140 873 1195 ipsam
902 1139 1019 1181 illam
1050 1139 1312 1193 doctrinam,
1345 1155 1473 1195 quam
1503 1156 1575 1182 ne-

226 1212 349 1239 cesse
381 1202 446 1237 est
475 1197 614 1238 teneri
646 1197 698 1238 ab
731 1196 951 1249 omnibus,
996 1196 1069 1250 qui
1099 1197 1328 1238 Platonem
1359 1212 1455 1239 cum
1486 1198 1575 1238 tru-

226 1260 299 1297 ctu
331 1253 475 1307 aliquo
506 1254 649 1310 legere
710 1253 886 1308 cupiant
915 1253 989 1307 ffl‘).

337 1311 406 1352 Ac
436 1309 490 1351 de
521 1325 570 1351 eo
604 1309 776 1364 quidem
806 1309 932 1350 Plato
972 1323 1069 1351 cum
1100 1309 1358 1352 Parmenide
1403 1311 1574 1351 omnino

226 1367 466 1420 consensit,
508 1366 625 1421 quod
666 1372 709 1407 et
746 1366 840 1422 ipse
873 1365 1060 1407 discerni
1100 1366 1239 1407 voluit
1278 1367 1402 1408 binas
1435 1381 1576 1408 rerum

224 1431 422 1466 naturas:
456 1423 647 1477 alteram,
681 1437 791 1477 quae
821 1422 938 1463 cerni
959 1423 1096 1464 oculis
1126 1428 1292 1477 posset,
1325 1437 1451 1476 quam
1483 1424 1576 1478 qui-

226 1480 324 1522 dem
364 1479 604 1533 ὄοξαστήν,
649 1479 932 1535 opinabilem,
974 1479 1235 1535 appellavit,
1278 1480 1378 1533 quia
1417 1480 1576 1522 nullam

224 1537 415 1580 efficeret
446 1537 651 1579 scientiae
690 1536 935 1577 firmitatem
972 1542 1014 1576 et
1049 1536 1359 1587 constantiam3
1402 1536 1576 1579 alteram

223 1593 531 1646 διανοητικηίν,
564 1608 674 1648 quae
708 1593 798 1635 sola
829 1598 970 1634 mente
1001 1599 1041 1633 et
1073 1593 1338 1649 cogitatione
1370 1595 1575 1648 cognosci

222 1657 370 1708 posset
408 1666 457 1693 ac
497 1650 604 1692 nihil
644 1664 866 1692 commune
907 1649 1086 1691 haberet
1126 1664 1223 1691 cum
1262 1651 1391 1692 rebus
1421 1650 1576 1707 adspe-

223 1708 454 1750 ctabilibus
486 1723 535 1749 ac
566 1707 764 1749 sensibus
796 1706 1017 1748 subiectis.
1079 1707 1269 1748 Tametsi
1294 1722 1396 1748 vero
1415 1707 1575 1749 utrius-

224 1779 307 1820 que
345 1764 595 1821 philosophi
634 1763 686 1805 de
728 1763 809 1804 hac
848 1778 892 1804 re
930 1778 1088 1819 magna
1130 1764 1214 1805 fuit
1256 1764 1300 1805 in
1330 1764 1576 1806 universum

223 1822 474 1876 consensio,
507 1827 650 1863 tamen
683 1819 768 1862 dici
797 1820 871 1861 vix
899 1826 1068 1875 potest,
1113 1826 1381 1876 quantopere
1412 1821 1455 1861 in
1488 1822 1575 1863 sin-

222 1879 336 1935 gulis
368 1878 589 1920 doctrinae
628 1877 822 1933 partibus
865 1876 1159 1919 dissenserint.
1218 1876 1271 1918 Id
1302 1877 1418 1931 quod
1448 1877 1574 1919 facile

221 1935 403 1977 iudicari
450 1934 610 1991 poterit
650 1949 703 1974 ex
740 1933 938 1974 Platonis
977 1933 1199 1975 doctrinae
1240 1935 1419 1976 ratione.
1489 1934 1575 1976 Hic

223 1992 357 2046 enim,
391 2006 522 2047 quum
554 1990 711 2043 omnia,
746 2004 854 2044 quae
885 1990 1082 2031 sensibus
1112 1990 1423 2045 percipiuntur,
1457 1991 1573 2044 oriri,

222 2049 401 2102 mutari,
464 2048 639 2105 agitari,
690 2046 864 2088 interire
925 2046 1324 2101 animadvertisset,
1384 2047 1429 2088 in
1482 2062 1575 2089 eam

222 2105 443 2162 paullatim
486 2105 740 2148 sententiam
785 2102 982 2156 devenit,
1028 2110 1077 2145 ut
1113 2109 1272 2146 certam
1321 2104 1573 2159 firmamque

273 2289 306 2330 ⁸)
329 2289 374 2321 V.
409 2288 585 2322 Phaedon.
620 2300 651 2332 p.
686 2289 742 2323 99.
781 2287 820 2318 D.
869 2288 989 2328 Itaque
1027 2286 1059 2318 in
1094 2286 1132 2318 iis
1165 2286 1329 2327 dialogis,
1375 2295 1462 2327 quos
1495 2290 1575 2318 ante

333 2335 489 2369 Socratis
516 2337 644 2368 obitum
673 2335 824 2375 scriptos
851 2336 1027 2374 putamus,
1064 2333 1115 2365 vix
1153 2343 1256 2374 parva
1283 2332 1452 2373 quaedam
1481 2330 1572 2363 initia

335 2381 423 2414 iliius
456 2382 631 2414 doctrinae
668 2379 939 2417 animadvertas3
987 2380 1120 2421 plenam
1157 2382 1190 2410 et
1222 2377 1386 2421 integram
1424 2377 1571 2419 reperias

332 2427 471 2460 demum
497 2428 526 2459 in
555 2427 716 2470 operibus
740 2429 860 2468 postea
887 2424 1002 2456 editis.

260 2473 316 2516 '‘')
341 2474 459 2506 Locos
484 2474 663 2513 piatonis,
689 2471 785 2504 'unde
817 2471 916 2503 ducta
957 2475 1034 2503 sunt
1059 2481 1147 2513 quae
1174 2470 1413 2513 exposuimus,
1450 2468 1525 2510 quia
1552 2479 1570 2499 a

332 2518 641 2563 Tennemang'no
683 2519 833 2560 System.
874 2516 1071 2559 Philosoph.
1116 2517 1249 2549 Platon.
1285 2515 1327 2547 T.
1364 2515 1403 2548 ΙΙ.
1442 2525 1473 2556 p.
1506 2513 1571 2547 XI.

334 2566 439 2607 praef.
468 2578 500 2608 p.
527 2566 573 2600 54
599 2576 672 2608 sqq.
701 2576 733 2606 p.
759 2563 827 2598 124
853 2573 926 2604 sqq.
953 2562 993 2594 T.
1023 2564 1079 2596 111.
1111 2574 1141 2604 p.
1171 2562 1224 2596 10.
1252 2562 1293 2595 ai.
1327 2564 1362 2592 et
1397 2560 1515 2602 partim
1553 2571 1571 2591 a

334 2612 432 2643 nobis
458 2613 622 2653 Proiegg.
662 2611 705 2643 ad
737 2609 867 2642 Phileb.
894 2620 924 2650 p.
951 2608 1036 2641 XXI
1061 2619 1136 2650 sqq.
1169 2608 1221 2640 ed.
1252 2607 1281 2640 1.
1314 2607 1442 2638 laudati
1474 2609 1568 2646 sunt,

331 2667 398 2689 nou
427 2668 513 2700 opus
538 2658 732 2701 putavimus
759 2655 912 2688 indicare
940 2658 973 2687 et
999 2664 1198 2694 recensere,
1231 2652 1435 2696 praesertim
1462 2661 1569 2693 quum

329 2702 508 2736 brevitatis
541 2705 628 2737 ratio
661 2701 814 2736 habenda
851 2707 954 2734 esset.
1014 2702 1092 2734 Alia
1124 2702 1230 2733 lucem
1270 2709 1363 2731 suam
1396 2697 1568 2739 accipient

329 2760 369 2782 ox
398 2749 457 2789 iis,
485 2760 571 2792 quae
596 2750 638 2783 ad
666 2747 906 2783 parmenidem
935 2746 1191 2789 disputavimus.
