1644 3039
182 178 260 218 182
637 174 1063 216 PRAEFATIO

181 290 233 331 E.
252 315 295 319 —-
319 290 386 330 51
418 288 510 341 D..)
572 288 671 342 Qua
702 290 866 330 ratione
896 295 1125 352 postquam
1166 287 1432 330 declaratum
1463 293 1529 329 est

182 346 406 389 Socratem
446 347 551 402 fuga
597 345 866 401 capessenda
911 346 1009 387 ideo
1050 344 1329 386 iniustissime
1379 339 1530 387 contra

182 383 520 459 rempublicamD
532 417 625 445 esse
665 403 899 457 facturum,
953 402 1055 457 quia
1097 402 1269 457 ingrato
1309 407 1351 442 et
1396 401 1528 458 impio

183 475 326 502 annno
367 460 534 515 patriae
575 459 757 500 salutem
806 460 1091 502 subversurus
1131 460 1212 511 sit,
1267 473 1375 512 quae
1415 463 1530 500 certe

184 518 275 559 sine
316 516 460 572 legum
502 517 760 558 auctoritate
799 517 919 558 salva
960 523 1074 557 stare
1106 521 1149 556 et
1177 514 1404 557 incolumis
1434 529 1531 571 per-

184 588 356 615 manere
387 589 473 615 non
504 574 656 628 possit,
689 572 845 615 deinde
875 573 959 614 alio
982 588 1156 627 quoque
1187 572 1358 613 nomine
1389 572 1533 627 ipsum

185 630 420 672 iniustitiae
451 631 617 671 crimini
651 630 883 672 obnoxium
917 630 1008 671 fore
1041 628 1306 693 ostenditur,
1338 627 1534 682 quando-

186 686 360 742 quidem
402 687 529 728 etiam
569 687 775 742 perfidiae
807 687 979 742 culpam
1009 687 1064 728 sit
1094 686 1138 727 in
1169 701 1214 727 re
1248 685 1533 738 admissuruS,

187 744 326 798 ruptis
365 745 505 800 pactis
543 752 586 785 et
625 744 894 795 foederibus,
936 759 1047 797 quae
1087 742 1199 784 ultro
1231 758 1327 785 cum
1358 741 1535 784 civitate

187 801 344 844 inierit.
404 801 473 842 De
506 816 590 855 qua
620 817 664 842 re
697 801 840 857 Leges
873 800 993 855 (inde
1025 816 1050 841 a
1080 816 1121 854 p.
1154 802 1223 842 51.
1255 797 1291 840 C
1324 798 1440 854 sqq)
1472 798 1535 840 sic

186 859 276 899 fere
323 858 660 900 sermocinantes
700 858 978 899 inducuntur.
1051 857 1237 898 ῪΙοιιυιιῑ
1281 855 1393 897 enim
1438 855 1536 920 pri-

189 930 329 962 mum..
375 914 448 969 qui
479 915 581 968 fiat,
624 922 672 956 ut
704 916 769 957 cix
774 930 818 956 es
850 929 947 956 cum
977 914 1154 955 civitate
1187 920 1362 968 pictum
1389 911 1537 954 iniisse

189 970 465 1013 existimandi
495 972 596 1014 sint.
665 972 778 1013 Nam
821 971 1054 1026 unicuique
1096 969 1430 1012 Atheniensium
1460 984 1539 1025 pu-

194 1029 301 1070 blice
341 1029 596 1083 permissum
637 1044 730 1071 esse
769 1034 1046 1081 asseverant,
1096 1033 1144 1068 ut
1183 1027 1369 1083 cognitis
1408 1026 1538 1068 rebus

191 1085 394 1149 publicis,
427 1085 463 1126 si
495 1101 579 1139 qua
608 1086 693 1140 ipsi
725 1086 877 1127 civitas
909 1084 1151 1140 displiceat,
1185 1063 1377 1126 collectis
1408 1083 1537 1124 rebus

192 1143 280 1183 suis
312 1142 468 1197 migret
497 1157 757 1196 quocunque
788 1142 830 1197 pl
834 1143 1024 1190 tcuerlt
1057 1141 1252 1195 quisquis
1283 1146 1425 1181 autem
1456 1139 1541 1180 ista

193 1198 443 1240 conditione
478 1198 591 1240 ultio
641 1209 772 1253 atque
813 1204 967 1262 sponte
1005 1197 1047 1238 in
1083 1197 1224 1252 patria
1271 1195 1540 1248 remanserit,

194 1271 289 1296 eum
319 1262 497 1297 censent
535 1271 580 1296 re
604 1255 715 1320 ‘ipsa
754 1270 851 1297 cum
881 1255 1056 1296 civitate
1087 1260 1215 1308 atque
1245 1253 1415 1310 legibus
1447 1259 1542 1294 tan-

195 1328 322 1368 quam
356 1312 548 1353 foedus
539 1313 688 1353 iniisse
719 1319 849 1366 atque
880 1310 1170 1367 spopondisse
1207 1290 1316 1353 velle
1349 1325 1395 1352 se
1425 1310 1543 1365 ipsa-

195 1385 288 1410 ium
327 1369 508 1424 imperio
548 1369 750 1425 religiose
785 1384 936 1425 parere
978 1374 1022 1409 et
1052 1368 1361 1423 obtemperare.
1422 1366 1543 1419 Quo-

197 1426 311 1468 ciica
352 1442 447 1467 eum
487 1407 699 1482 perfidum
742 1432 785 1467 et
815 1424 1106 1481 foedifragum
1137 1440 1230 1467 esse
1262 1424 1542 1477 arbitrantur,

198 1483 271 1537 qui
302 1483 387 1524 illis
418 1484 681 1539 refragetur,
722 1482 853 1537 idque
895 1489 1017 1523 tanto
1056 1482 1217 1524 rectius
1258 1481 1319 1522 ita
1362 1479 1545 1522 iudicari

197 1541 332 1592 aiunt,
366 1539 483 1594 quod
513 1540 700 1595 ipsarum
730 1539 911 1594 imperia
941 1547 1026 1579 no'n
1057 1553 1188 1579 saeva
1217 1538 1304 1580 sint
1333 1543 1408 1579 aut
1438 1536 1546 1578 dura

199 1603 242 1638 et
270 1596 527 1650 inhumana,
560 1596 636 1638 sed
664 1596 778 1637 lenia
809 1602 851 1637 et
881 1601 1129 1648 mansueta,
1172 1601 1221 1636 ut
1251 1594 1360 1636 adeo
1394 1594 1545 1636 civita-

198 1660 284 1695 tem
315 1653 466 1707 liceat,
510 1653 547 1694 5ἰ
578 1669 664 1708 qua
695 1668 804 1709 opus
834 1652 913 1705 sit,
953 1652 1130 1694 meliora
1167 1651 1349 1694 edocere
1381 1652 1442 1707 (p.
1477 1653 1544 1694 51.

201 1709 252 1753 C.
285 1735 339 1740 -
371 1712 437 1751 52.
470 1711 562 1764 A..)
632 1709 756 1763 Quae
797 1708 970 1764 quidem
1009 1712 1152 1751 onmia
1182 1708 1248 1750 vel
1290 1723 1474 1749 mamme
1502 1707 1547 1749 in

202 1767 426 1810 Socratem
446 1767 677 1808 convenire
707 1766 985 1819 arbitrantur,
1020 1766 1180 1821 quippe
1212 1765 1287 1820 qui
1307 1764 1548 1806 Athenien-

202 1840 290 1867 sem
322 1824 540 1865 civitatem
580 1830 669 1866 tam
708 1828 960 1887 constanter
1000 1822 1184 1864 coluerit
1227 1828 1271 1864 et
1298 1837 1377 1877 pro
1408 1821 1550 1877 patria

203 1897 284 1923 sua
311 1881 564 1937 agnoverit,
596 1887 644 1922 ut
674 1887 884 1937 perpetuo
913 1879 956 1921 in
985 1894 1036 1921 ea
1064 1879 1340 1933 habitaverit,
1370 1894 1424 1920 ne
1455 1892 1550 1919 sus-

203 1944 331 1993 cepta
338 1913 564 1992 e>quidem
583 1953 772 1992 unquam
816 1937 1081 1978 diuturniore
1120 1936 1266 1992 aliqua
1304 1934 1551 2000 peregrina-

203 1995 321 2036 tione
350 1994 545 2048 adeoque
577 2009 657 2036 nec
687 2010 730 2035 ln
761 1993 921 2035 iudicio
951 1993 1069 2035 litem
1101 2008 1222 2035 suam
1253 1992 1380 2034 exilio
1422 1991 1551 2034 aesti-

203 2067 319 2093 maie
351 2050 536 2092 voluerit
571 2051 632 2106 (p.
665 2052 734 2093 52.
767 2051 883 2091 A—
905 2052 971 2091 53.
998 2050 1088 2104 A).
1120 2075 1174 2080 -—
1231 2049 1325 2090 Iam
1354 2064 1457 2090 vero
1486 2048 1552 2089 in-

205 2108 374 2150 iustitia
404 2122 454 2149 ac
485 2106 754 2163 turpitudine
786 2098 915 2162 fugae
947 2106 1240 2148 demonstrata
1281 2105 1425 2161 Leges
1458 2119 1552 2146 eam

207 2166 336 2207 etiam
370 2164 564 2205 inutilem
603 2170 733 2219 atque
772 2165 943 2205 noxiam
985 2163 1076 2204 fore
1123 2141 1375 2204 ostendunt.
1438 2161 1554 2203 Nam

206 2221 476 2264 necessarios
518 2220 694 2275 quidem
738 2235 786 2262 ac
827 2219 1057 2261 familiares
1096 2219 1230 2275 ipsius
1277 2218 1555 2275 gravissima-

207 2295 302 2321 rum
336 2293 572 2343 poenarum
601 2277 794 2334 periculo
826 2277 1036 2318 obnoxios
1067 2276 1238 2318 futuros
1270 2290 1364 2317 esse
1396 2276 1458 2331 (p.
1485 2275 1553 2316 53.

207 2337 307 2392 B.;)
352 2351 491 2390 ipsum
523 2350 656 2400 porro
685 2340 734 2375 ut
760 2334 903 2390 legum
933 2339 1228 2398 corruptorem
1257 2332 1415 2374 exteris
1447 2347 1554 2396 quo-

210 2409 316 2449 que,
358 2392 515 2446 quibus
547 2391 688 2446 patria
716 2406 794 2433 sua
820 2405 919 2432 cara
951 2390 1029 2444 sit,
1079 2396 1327 2454 suspectum
1365 2395 1409 2430 et
1444 2388 1556 2430 invi-

210 2466 303 2493 sum
333 2449 424 2490 fore
456 2448 641 2504 ideoque
673 2454 868 2490 coactum
904 2447 957 2488 iri
997 2447 1057 2489 ibi
1095 2446 1252 2503 degere
1282 2446 1440 2498 vit-am,
1480 2445 1556 2487 ubi

211 2506 396 2549 maxima
434 2512 588 2562 regnet
624 2521 790 2547 morum
826 2504 1026 2558 licentia,
1070 2483 1261 2560 indignis
1301 2509 1344 2544 et
1373 2477 1555 2543 abiectis

210 2562 352 2611 modis
382 2541 509 2603 illico
500 2578 598 2604 cum
629 2562 723 2604 aliis
753 2567 1077 2603 conversantem
1109 2539 1189 2615 (p.
1204 2561 1271 2602 53.
1301 2559 1340 2600 B
1370 2583 1428 2589 —
1456 2558 1555 2623 Ε.);

210 2620 371 2662 liberos
402 2617 587 2674 denique
627 2619 672 2661 in
710 2624 865 2660 terram
908 2617 1180 2674 peregrinam
1217 2630 1304 2657 una
1333 2630 1430 2657 cum
1458 2615 1556 2671 ipso

213 2675 425 2718 abductos
456 2676 644 2718 melioris
677 2675 944 2718 educationis
969 2675 1061 2717 fore
1080 2678 1298 2729 expertes3
1330 2672 1375 2713 in
1405 2672 1558 2714 Attica

213 2739 355 2774 autem
385 2732 574 2787 relictos,
606 2733 680 2776 ubi
711 2733 824 2775 iusto
855 2731 984 2774 modo
1013 2746 1194 2788 poenam
1222 2743 1455 2786 perpessus
1485 2729 1555 2780 sit
