1644 3039
149 209 468 252 PLATONIS
499 208 893 251 APOLOGIAM
923 208 1243 253 SOCRATIS.
1322 211 1373 251 31

19 323 256 380 ingeniosis
294 321 656 365 adolescentibus.
728 323 885 378 Neque
935 323 1046 364 enim
1095 323 1140 363 in
1190 322 1375 364 obscuro

19 381 153 422 latere
193 386 368 435 poterat
408 380 489 421 viri
532 379 763 436 singularis
804 380 955 421 virtus.
1016 380 1171 434 Itaque
1203 379 1375 421 soboles

19 437 316 490 Athenarum,
349 436 559 492 principis
588 437 781 490 urbium,
815 452 936 490 eum,
981 444 1031 478 ut
1061 451 1158 478 cum
1189 435 1375 477 Horatio

18 495 269 549 loquamur,
312 493 490 550 dignata
536 501 600 535 est
629 508 792 549 ponere
822 493 934 535 inter
964 494 1119 535 choros
1149 492 1376 534 doctorum

19 551 254 604 nobilium,
297 551 357 591 ita
397 557 446 592 ut
486 566 581 591 eum
631 549 949 592 studiosissime
982 556 1233 592 sectaretur.
1294 549 1378 591 Est

21 608 134 650 enim
165 608 387 660 iuventus,
428 608 529 649 licet
567 607 713 649 multis
745 623 872 662 saepe
906 608 1172 663 opprimatur
1205 607 1376 661 praeiu-

21 665 177 706 dicatis
222 665 522 720 opinionibus,
558 670 702 705 tamen
739 665 840 705 item
882 665 1114 718 proclivior
1156 663 1210 704 ad
1242 678 1376 719 agno-

21 721 202 764 scendas
223 723 408 763 virtutes
429 720 604 777 ingenii,
634 721 771 763 sicubi
791 721 1158 777 exsplendescunt
1188 721 1376 761 insolen-

20 779 119 820 tius.
189 777 354 820 Sectati
397 778 530 835 igitur
573 784 675 819 sunt
714 778 930 820 hominem
979 777 1289 834 pauperculum
1327 791 1377 817 ac

20 850 155 890 prope
205 835 447 877 famelicum
496 834 795 877 adolescentes
841 835 1111 876 nobilissimi.
1179 833 1378 886 Quorum

19 899 164 933 tamen
194 891 308 933 vitae
329 906 481 933 cursus
513 907 643 946 quum
667 907 795 947 saepe
817 891 885 933 vel
907 898 1083 948 propter
1104 891 1376 932 nobilitatem

20 964 70 991 ac
109 948 282 990 divitias
323 956 438 991 esset
467 949 659 990 lubricus
691 950 935 1004 multasque
977 948 1158 989 haberet
1196 963 1220 988 a
1259 953 1378 989 recta

19 1006 91 1048 via
121 1005 366 1047 declinandi
398 1006 758 1062 opportunitates,
790 1007 953 1048 factum
985 1012 1065 1059 est,
1099 1003 1216 1059 quod
1246 1003 1376 1045 hodie

20 1077 193 1117 quoque
225 1062 320 1104 fieri
350 1063 523 1115 assolet,
555 1069 605 1104 ut
634 1063 747 1104 inter
769 1078 843 1104 eos
877 1064 1006 1104 etiam
1037 1062 1273 1104 existerent
1304 1061 1377 1116 qui

19 1125 250 1175 peccarent
280 1120 454 1174 publice
486 1120 660 1176 gravius
693 1135 829 1174 eoque
860 1120 1070 1176 magistro
1102 1118 1279 1174 optimo,
1312 1119 1377 1159 in-

21 1177 175 1218 scienti
198 1176 375 1231 quidem
413 1176 476 1217 illi
506 1191 586 1218 nec
617 1177 795 1230 volenti,
826 1177 982 1218 malam
1014 1177 1170 1217 famam
1203 1190 1376 1230 eompa-

19 1239 179 1274 rarent.
239 1233 359 1274 Inter
387 1248 496 1288 quos
526 1233 722 1289 inprimis
752 1234 1024 1275 eminuerunt
1045 1231 1206 1274 Critias
1239 1239 1282 1273 et
1299 1232 1378 1273 Al-

22 1289 236 1342 cibiades,
280 1305 462 1344 quorum
501 1290 607 1331 vitia
644 1305 697 1331 ex
736 1290 965 1346 disciplina
1011 1289 1236 1332 Socratica
1283 1295 1380 1329 orta

21 1361 117 1388 esse
149 1346 398 1387 ferebantur
428 1346 491 1400 ἧς),
534 1346 637 1387 lieet
673 1362 742 1388 res
782 1348 918 1389 multo
951 1363 996 1389 se
1028 1346 1210 1387 haberet
1239 1346 1377 1387 aliter.

20 1403 197 1444 Etenim
228 1402 387 1444 Critias
419 1402 615 1458 quidem,
657 1404 787 1445 homo
818 1403 1212 1460 ingeniosissimus,
1246 1417 1378 1457 quum

23 1466 140 1501 esset
171 1458 349 1512 doetus,
392 1460 602 1514 eloquens
645 1466 688 1501 et
726 1460 964 1503 Socraticis
1009 1460 1378 1515 disputationibus

22 1515 218 1558 eruditus
259 1515 458 1571 (Cicer.
500 1515 623 1558 Orat.
655 1517 741 1558 III.
774 1519 887 1572 34),
930 1517 1208 1572 quamobrem
1249 1516 1378 1557 etiam

21 1588 47 1614 a
76 1573 260 1615 Platone
288 1573 334 1614 in
365 1573 544 1614 Timaeo
576 1581 619 1615 et
653 1573 805 1628 Critia,
840 1574 914 1629 qui
943 1575 1080 1631 ipsius
1112 1574 1284 1615 nomine
1313 1574 1379 1614 in-

23 1630 209 1686 scriptus
239 1636 320 1683 est,
352 1630 789 1673 honorificentissime
821 1631 1017 1685 habetur,
1048 1638 1192 1672 tamen
1222 1636 1380 1686 postea

22 1687 98 1728 ubi
137 1686 192 1727 ad
232 1688 436 1729 maiorem
487 1687 704 1741 quandam
755 1690 798 1730 in
850 1689 1023 1730 civitate
1073 1688 1379 1729 auctoritatem

22 1750 300 1798 pervenerat,
359 1744 612 1799 disciplinae
655 1745 906 1788 Socraticae
950 1746 1194 1797 immemor,
1249 1744 1379 1785 homo

21 1800 238 1842 violentus
269 1801 426 1854 extitit,
465 1807 509 1842 et
538 1802 699 1842 relictis
733 1802 1023 1844 democratiae
1053 1802 1266 1856 partibus,
1299 1816 1379 1855 po-

22 1857 185 1921 pularis
224 1857 391 1913 imperii
423 1856 697 1900 adversarius
739 1860 878 1901 factus
922 1865 987 1901 est
1027 1859 1285 1911 acerrimus,
1330 1864 1380 1898 ut

23 1919 136 1954 mter
164 1913 343 1970 triginta
371 1913 579 1970 tyrannos
610 1914 866 1958 crudelitate
906 1931 955 1957 ac
985 1915 1166 1958 saevitia
1195 1914 1379 1956 maxime

26 1971 247 2024 emineret,
278 1970 473 2025 adeoque
504 1976 594 2012 tum
625 1970 810 2025 Socrati,
844 1972 961 2027 quod
992 1973 1027 2014 is
1058 1978 1229 2027 turpem
1261 1987 1378 2013 amo—

24 2041 114 2068 rem
153 2027 192 2068 ei
239 2027 594 2083 exprobraverat,
650 2035 741 2070 arte
795 2028 970 2071 dicendi
1018 2029 1193 2084 publice
1245 2028 1378 2070 inter-

25 2082 165 2137 dicta,
205 2099 293 2125 non
332 2083 460 2126 modo
501 2085 722 2141 negotium
760 2086 1018 2139 facesseret,
1060 2101 1209 2128 verum
1249 2085 1378 2127 etiam

23 2146 206 2182 mortem
244 2140 489 2183 minaretur.
525 2158 567 2183 v.
599 2142 849 2198 Xenoph.
880 2143 1012 2184 Mem.
1045 2143 1081 2185 Ι.
1115 2143 1161 2195 2,
1195 2144 1249 2184 32
1280 2157 1377 2197 sqq.

23 2197 120 2239 Nec
150 2212 253 2239 vero
285 2198 484 2253 publicae
514 2205 681 2241 tantum
702 2200 913 2242 libertatis
935 2215 1036 2242 osor
1055 2199 1377 2241 crudelissimus

23 2254 128 2308 fuit,
171 2254 293 2296 cuius
336 2255 425 2297 odii
464 2271 627 2312 poenas
666 2263 803 2299 morte
833 2257 915 2298 luit
945 2272 970 2298 a
999 2259 1096 2299 403.
1128 2272 1165 2298 a.
1198 2256 1300 2297 Chr.
1332 2256 1378 2297 in

24 2325 174 2366 pugna
204 2317 354 2352 contra
374 2312 695 2368 Thrasybulum
727 2315 788 2368 (v.
821 2313 1072 2370 Xenoph.
1103 2313 1219 2355 Hell.
1242 2313 1301 2354 ΙΙ.
1333 2316 1375 2366 4,

29 2368 134 2421 19.)7
166 2382 314 2408 verum
344 2369 472 2409 etiam
503 2370 681 2411 deornm
713 2377 952 2412 contemtor
981 2372 1122 2412 faetus
1154 2375 1232 2412 est.
1291 2372 1377 2410 Ar-

25 2424 173 2479 guitur
210 2423 323 2464 enim
365 2440 389 2464 a
426 2427 710 2482 scriptoribus
766 2427 869 2469 deos
911 2428 1083 2469 omnino
1133 2427 1376 2483 negavisse.

25 2481 95 2522 De
128 2495 212 2536 qua
240 2495 286 2521 re
317 2481 468 2522 audias
499 2490 669 2538 praeter
707 2485 813 2526 alios
856 2483 1082 2527 Sextum
1113 2484 1258 2538 Emp.
1302 2482 1378 2524 ad-

25 2553 135 2579 vers.
174 2537 351 2594 Physic.
389 2554 432 2593 p.
466 2541 547 2580 562
588 2540 654 2581 ed.
696 2542 824 2583 Fabr.
863 2557 936 2578 2——
969 2557 1011 2597 p.
1045 2543 1136 2585 553.
1182 2540 1283 2582 Vol.
1315 2540 1376 2582 II.

27 2593 94 2636 ed.
127 2594 248 2650 Lips.
293 2599 362 2637 καὶ
396 2597 582 2649 Κριτίας
618 2601 663 2639 δὲ
695 2598 756 2648 εἷς
787 2599 872 2640 Τῶν
903 2603 947 2640 ἐν
976 2596 1191 2649 Ἀθήναις
1223 2613 1376 2650 τυραν-

71 2777 106 2817 ⁹¹)
133 2778 222 2808 conf.
247 2777 446 2818 Xenoph.
472 2778 574 2810 Mem.
604 2779 627 2811 1.
656 2780 689 2819 2,
719 2781 767 2813 12.
