1644 3039
215 180 547 224 APOLOGIA
578 178 902 223 SOCRATIS.
935 180 982 221 P.
1017 181 1082 220 ²26.
1116 179 1179 222 St.

15 299 285 358 ,opyuvjotpag
343 304 597 353 πριαμένοις

655 299 734 339 Em

1306 181 1381 221 103

704 297 930 353 ωκρεὲτους
974 298 1248 350 καταγελᾶν,
1304 296 1382 340 &av

2 364 18 423 J‘
40 368 334 422 προςποιῆται
371 368 531 409 ἑαυτοῦ
567 364 689 415 εἶναι,
724 363 864 414 ἅΠιυς
902 381 946 407 τε
973 368 1046 406 καὶ
1071 381 1209 414 ουτως
1230 361 1382 407 ἄτοπα

14 433 163 478 ὄντα.
199 432 295 476 ἀλλ’
351 427 367 445 ⁷

37 503 172 556 μίζειν
209 498 325 544 θεὸν
360 500 492 551 εἶναι,-

39 571 178 612 τιοῦν.
235 565 447 618 Ἀπιστός
482 566 520 618 γ’

339 452 370 475 ω
407 432 517 488 πρὸς
551 432 664 482 Διός,
702 430 859 474 οὑτωσί
891 446 959 474 σοι
979 433 1091 475 δοκῶ
1115 430 1272 474 οὐδένα
1310 449 1384 474 νο-

564 498 625 543 Οὐ
662 505 807 553 μέντοι
860 517 921 553 μα
960 497 1025 541 Δι’
1036 531 1046 549 ,
1095 497 1192 541 οὐδ

566 566 615 622 εἶ,
653 559 684 608 ὦ
714 569 899 618 Μέλητε,
936 583 1008 608 και
1048 568 1190 608 ταῦτα
1225 570 1386 622 μέντοι,

1247 498 1386 549 ὁπως-

3 662 10 691 ⁴¹
42 635 99 687 ὡς
135 637 230 691 ἐμοὶ
266 637 418 685 δοκεῖς,
455 636 616 688 σαυτῷ,
653 637 745 688 ἐμοὶ
782 651 867 689 >ap
907 637 1022 676 ὸοκεῖ
1054 631 1218 683 οὑτοσί,
1254 626 1285 675 ὦ
1308 630 1387 676 ἄν·

0 707 134 854 ξδρες
164 703 428 754 Ἀθηναῖοι,
473 703 590 744 πάνυ
625 701 736 744 εἶπαι
770 698 981 756 ὑβριστὴς
1015 718 1088 743 και
1125 700 1389 751 ἀκολαστος,

39 788 111 813 και
147 769 339 826 ἀτεχνῶς
377 768 456 822 τὴν
493 786 672 828 yoacpryv
709 769 877 820 ταύτην
911 766 1036 823 ὕβρει
1071 771 1154 810 τιιὶ
1188 767 1388 811 >calviaco-

40 946 115 978 Vat.
145 946 228 978 Ven.
256 947 288 978 b.
323 947 427 978 Vind.
454 947 484 980 1.
509 947 542 980 4.
566 947 598 980 6.
632 945 723 977 Flos.
752 945 783 976 d.
811 958 842 987 g.
870 945 900 977 h.

38 992 237 1026 rectissime.

36 1126 92 1160 51.
119 1124 175 1159 ed.
204 1125 236 1159 1.
292 1126 397 1160 Quod
432 1130 551 1158 contra
584 1131 679 1158 recte

10 1193 11 1197 ,
37 1171 186 1203 iudicare
243 1172 380 1204 videtur
434 1172 678 1204 Forsterns

9 1218 225 1249 inauditum
253 1229 330 1250 esse
355 1223 476 1260 putans
501 1218 531 1249 in
558 1218 679 1249 orche—

37 1269 107 1295 stra
147 1263 249 1294 libros
293 1266 430 1295 venales
468 1264 676 1305 prostitisse

8 1309 153 1340 locus
181 1319 221 1341 ex
249 1309 298 1341 his
323 1310 431 1341 lucem
463 1320 558 1341 suain
587 1310 677 1340 avri-

0 1349 11 1389 5
37 1355 118 1396 piet.
179 1354 317 1387 Athenis
365 1365 468 1397 quum
517 1356 596 1387 olim
645 1355 676 1386 in

8 1401 182 1434 theatris
207 1400 308 1433 sedes
335 1406 369 1433 et
395 1403 469 1433 loca
500 1412 566 1433 non
593 1411 674 1433 ven-

4 1479 11 1487 „
37 1446 70 1477 di
113 1447 212 1478 solita
252 1452 386 1485 essent,
430 1446 491 1478 sed
531 1447 675 1487 quisque

36 1492 141 1532 gratis
169 1496 326 1533 spectare
353 1493 543 1533 potuisset,
577 1492 673 1523 Peri-

38 1539 107 1569 cles
132 1539 262 1579 primus
288 1539 332 1570 ita
360 1539 526 1578 instituit,
560 1545 596 1570 ut
623 1540 673 1569 lo-

9 1616 11 1620 ,
39 1590 199 1615 carentur
236 1588 270 1616 et
296 1586 544 1616 venderentur:
580 1583 674 1625 qnod

39 1629 215 1662 dicebatur
252 1629 342 1661 θέαν
380 1626 606 1670 ἆπομισθοῦν
640 1634 674 1662 et

40 1675 127 1707 θέαν
159 1671 350 1718 ἀγοράζειν.
391 1688 422 1711 ν.
463 1676 678 1718 Leopard.

41 1721 239 1754 Emendatt.
269 1723 292 1755 Ι.
315 1722 371 1758 13.
399 1723 476 1754 coll.
507 1723 678 1754 Fische-

38 1777 82 1800 ro
134 1768 166 1799 in
209 1768 312 1801 indic.
362 1769 404 1801 ad
446 1767 679 1808 Theophrasti

39 1813 266 1846 Characteres
299 1826 326 1846 S.
351 1825 382 1848 v.
409 1814 487 1846 θέα.
536 1814 679 1846 Vende-

39 1861 161 1892 bantur
186 1864 300 1892 autem
327 1860 428 1892 sedes
454 1872 472 1891 a
502 1860 678 1892 redemto-

39 1907 130 1938 ribus
167 1903 399 1945 theatrorum,
437 1906 494 1947 qui
524 1908 677 1948 appella-

41 1952 162 1983 bantur
187 1953 237 1983 vel
264 1951 479 1993 θεατρῶναι,
517 1953 569 1984 vel
597 1951 680 1983 θεα-

40 1997 227 2039 mortuum,
270 2000 322 2030 vel
359 1994 605 2039 ἀρχιτέκτονες,
645 2002 681 2028 nt

39 2055 96 2084 ap.
137 2043 363 2076 Demostli.
403 2046 445 2078 de
484 2055 609 2077 corona
651 2054 683 2085 p.

39 2089 117 2124 ⁴234.
143 2089 199 2124 23.
225 2089 265 2123 T.
292 2091 321 2124 Ι.
356 2090 398 2122 cf.
432 2091 681 2122 Casaubon.

39 2135 82 2168 ad
109 2135 336 2178 Theophrast.
358 2135 457 2170 Char.
473 2137 520 2177 2.,
546 2147 587 2168 ac
613 2137 682 2168 sol-

6 2216 9 2220 ,
41 2182 206 2213 vehantur
238 2181 311 2215 fere
343 2183 409 2214 bini
445 2183 559 2221 obuli,
594 2186 685 2214 teste

7 2266 9 2268 Ι
43 2227 273 2259 Demosthene,
332 2227 364 2262 d.
414 2229 454 2269 l.,
513 2228 682 2260 interdum

44 2273 150 2304 etiam
199 2273 351 2314 singulae
402 2273 597 2313 drachmae,
649 2279 685 2305 nt

44 2318 159 2350 «locuit
191 2317 431 2353 casaubon.
467 2321 486 2352 l.
514 2331 565 2360 c.,
596 2330 684 2360 quo-

6 2366 7 2369 ’
43 2374 121 2396 cum
141 2363 298 2396 conferas
315 2375 401 2396 nunc
421 2365 682 2398 Boeckhium

45 2412 64 2442 l.
101 2421 128 2443 c.
187 2409 300 2443 Quum
342 2421 423 2443 vero
456 2415 545 2443 teste
578 2411 683 2443 Har·

43 2456 337 2497 pocratione‚
390 2456 526 2488 Suida
575 2467 602 2490 s.
652 2468 681 2491 v,

43 2499 198 2543 θεωρικά
235 2506 270 2534 et
308 2501 450 2534 Schol.
475 2502 615 2534 Luciani
640 2503 682 2535 ad

45 2547 180 2581 Timon.
223 2547 264 2580 T.
297 2549 323 2580 l.
359 2559 390 2590 p.
425 2548 456 2582 6.
502 2549 682 2581 maximum

46 2594 214 2636 pretium,
240 2594 334 2635 quod
359 2595 481 2626 liceret
510 2595 685 2634 constitui,

47 2638 207 2671 drachma
259 2643 375 2679 esset,
426 2650 489 2672 nec
536 2649 684 2680 unquam

48 2689 168 2726 posset
217 2697 235 2718 a
283 2685 537 2719 redemtoribus
581 2687 686 2718 maior

5 2730 7 2753 ἶ
50 2740 181 2763 merces
207 2731 316 2774 exigi,
352 2732 450 2764 facile
476 2732 686 2772 intelligitur,

51 2785 111 2807 eur
135 2777 302 2810 Socrates
329 2778 421 2811 dicat
450 2775 471 2809 ἂ
496 2777 636 2818 ἔξεστιν,
661 2788 687 2809 ει

931 947 1008 978 Par.
1036 945 1150 977 DST.
1184 950 1217 978 et
1249 944 1386 986 quidem

748 1125 838 1159 πάνυ
868 1128 1007 1165 πολλοῦ,
1038 1126 1186 1170 δραχμῆς
1211 1128 1390 1169 πρίασθαι.

746 1173 816 1204 Sed
835 1174 1011 1215 quomodo
1030 1176 1178 1211 tandem,
1206 1174 1310 1215 inquit
1330 1176 1389 1206 ali—

747 1220 842 1259 quis,
879 1221 932 1251 illa
959 1220 1080 1261 placita
1108 1219 1386 1262 philosophorum

747 1265 779 1296 in
806 1265 938 1297 theatro
976 1270 1161 1307 potnerunt
1197 1264 1387 1307 cognoscite

749 1310 798 1341 Ad
826 1321 925 1351 qnam
952 1312 1187 1352 quaestionem
1208 1313 1388 1354 responsio

745 1357 776 1387 in
811 1362 947 1398 promtu
991 1363 1054 1389 est.
1112 1357 1261 1389 Constat
1298 1360 1386 1390 enim

746 1409 866 1443 poetas
926 1404 1083 1435 scenicos
1132 1414 1387 1444 saepenumero

744 1447 1023 1490 philosophorum
1060 1449 1224 1488 dogmata
1265 1450 1387 1482 t'ahnlis

743 1495 814 1525 suis
842 1495 1041 1527 inseruisse.
1077 1496 1130 1525 vel
1157 1501 1192 1526 ut
1219 1506 1280 1527 eos
1308 1498 1382 1528 lau-

743 1539 887 1579 darent,
938 1545 974 1572 nt
1027 1540 1229 1581 EuripideS,
1279 1553 1384 1583 quent

745 1591 973 1625 Anaxagorae
1015 1587 1138 1628 placita
1172 1587 1203 1618 in
1245 1591 1381 1629 tragoe-

747 1632 812 1663 diis
838 1634 907 1663 suis
933 1643 1039 1674 saepe
1060 1632 1217 1673 attigisse
1243 1633 1386 1666 demon-

747 1679 867 1709 stravit
905 1679 1110 1710 Valcken.
1159 1679 1319 1712 Diatribe
1354 1680 1386 1711 in

745 1724 885 1764 Fragm.
920 1724 1038 1765 Enrip.
1072 1735 1102 1765 p.
1128 1724 1172 1758 ‘29
1197 1735 1296 1765 sqq.‚
1332 1727 1385 1757 vel

746 1773 783 1800 ut
822 1769 1110 1811 reprehenderent
1151 1775 1185 1802 et
1222 1771 1387 1807 riderent,

748 1814 839 1855 quod
890 1816 932 1846 ab
984 1816 1211 1857 Aristophane
1261 1817 1389 1848 factum

747 1871 824 1891 esse
850 1862 1018 1893 novimus.
1069 1861 1209 1902 Respici
1233 1861 1390 1894 hocloco

751 1907 966 1947 potissimum
994 1907 1037 1939 ad
1065 1907 1262 1949 Euripidem
1290 1919 1389 1941 exeo

752 1952 886 1984 videtur
912 1957 1007 1985 recte
1021 1954 1134 1994 colligi
1157 1965 1272 1996 posse,
1298 1955 1388 1996 quod

753 1999 804 2030 hi«-¹
832 1999 994 2040 imprimis
1015 2004 1240 2041 Anaxagorae
1266 2000 1390 2033 doctri-

753 2055 828 2076 nam
858 2045 900 2076 de
925 2047 998 2077 sole
1024 2049 1058 2077 et
1083 2047 1159 2077 luna
1195 2047 1223 2077 in
1251 2057 1387 2078 scenam

752 2090 904 2128 induxit,
945 2091 987 2122 de
1024 2101 1087 2132 qua
1123 2103 1158 2123 re
1191 2093 1267 2124 sicle
1299 2103 1387 2133 quae

754 2137 912 2168 dixerunt
947 2137 1205 2169 Valckenar.
1242 2140 1262 2170 l.
1296 2149 1325 2170 c.
1352 2149 1385 2179 p.

752 2183 806 2216 31.
834 2183 1055 2216 et'Porson.
1073 2183 1114 2215 ad
1134 2184 1251 2224 Enrip.
1268 2185 1386 2216 Orest.

752 2239 782 2262 v.
815 2229 892 2262 971.
929 2240 960 2269 p.
988 2229 1063 2263 192.
1103 2229 1156 2262 ed.
1193 2230 1284 2271 Lips.
1317 2241 1385 2263 see.

753 2275 884 2305 Sensus
910 2275 1013 2307 totius
1041 2275 1104 2307 loci
1130 2274 1181 2306 hic
1210 2281 1279 2307 est:
1307 2276 1386 2308 Me-

755 2322 870 2352 letus
913 2322 972 2352 ait
1006 2331 1068 2353 me
1105 2321 1247 2353 Solem
1280 2324 1386 2363 lapi-

755 2365 868 2405 dem,
921 2367 1077 2398 {ninam
1127 2372 1286 2400 terram
1328 2367 1388 2399 di-

755 2422 862 2445 cere.
931 2417 1077 2443 verum
1127 2413 1234 2445 enim
1287 2423 1387 2445 vero

763 2458 930 2490 indices
973 2462 1118 2489 sciunt
1163 2457 1241 2490 hoc
1290 2470 1389 2491 esse

753 2505 1042 2545 Anaxagorae
1093 2509 1386 2537 commentum.

753 2549 879 2584 Quod
906 2551 941 2581 si
968 2550 1066 2581 mihi
1097 2550 1201 2582 illud
1224 2551 1387 2583 tribue-

755 2606 860 2632 rem,
917 2596 1101 2627 iuvenes
1158 2606 1251 2637 pos
1272 2601 1389 2628 sent

754 2643 877 2673 istam
910 2652 1036 2673 meam
1064 2643 1294 2676 vanitatem
1320 2653 1370 2675 ve

755 2698 773 2718 e
821 2688 1097 2718 scenicorum
1155 2693 1385 2729 poetarum

757 2732 918 2765 sabulis
968 2742 1242 2774 cognoscere
1280 2746 1386 2768 eam-

758 2789 853 2819 que,
881 2783 923 2811 nt
948 2789 1021 2820 par
1047 2783 1127 2820 est,
1154 2779 1310 2815 ridere.
