1644 3039
191 172 238 210 14
550 167 1031 211 PROLEGOMENA
1068 169 1154 210 AD

186 282 366 339 posthac
387 281 635 322 accuratius
658 281 898 322 disserendi
930 282 1230 337 opportunitas
1263 282 1354 323 erit.
1398 282 1529 323 Ncm-

184 355 238 395 pe
268 338 511 379 dominatur
541 338 583 378 in
615 338 808 379 oratione
840 337 1031 380 Socratis
1064 338 1190 378 etiam
1222 353 1271 379 ea
1301 339 1431 379 animi
1471 339 1529 379 al-

185 395 326 436 titudo
369 409 503 449 eaque
542 394 780 436 sublimitas
823 410 1046 447 sensuum,
1087 401 1136 435 ut
1174 394 1273 435 inde
1310 396 1531 450 ingenium

186 453 267 493 viri
296 451 421 507 plane
453 450 646 491 divinum
677 466 770 493 esse
802 451 924 493 facile
961 451 1286 507 perspiciamus,
1319 451 1447 493 modo
1480 467 1532 492 ne

186 508 492 565 praeiudicatis
528 508 681 549 mentis
723 508 997 563 opinionibus
1044 509 1244 562 occupati
1276 515 1319 549 et
1352 507 1407 549 ad
1438 523 1533 550 sen-

187 581 261 608 sus
289 565 523 606 nobiliores
555 563 756 605 obdurati
786 565 933 606 simus.
995 563 1142 620 Spirat
1165 565 1276 605 enim
1297 580 1374 619 per
1394 565 1536 606 omnia

188 623 317 664 etiam
355 621 452 677 pius
491 621 665 675 quidam
705 636 855 662 sensus
897 636 947 662 ac
978 637 1078 662 vere
1110 621 1362 677 religiosus,
1398 636 1533 675 quan-

188 677 421 733 doquidem
451 678 509 731 is,
554 679 626 732 qui
664 678 910 733 impietatis'
938 678 1018 719 fuit
1050 685 1301 730 accusatus,
1345 693 1440 719 sese
1472 678 1535 718 fa-

189 742 302 777 tetur
350 750 526 776 munere
571 734 777 776 divinitus
827 735 909 776 sibi
958 735 1151 775 iniuncto
1199 735 1271 791 pie
1314 749 1453 789 usque
1493 741 1536 775 et

187 792 386 848 religiose
424 792 694 847 perfunctum
731 806 836 833 esse.
908 790 1038 844 Quod
1077 792 1188 832 enim
1231 792 1418 833 monitor
1458 790 1536 832 ho-

188 850 390 901 nestatis,
424 849 661 904 castigator
691 848 845 889 erroris
887 863 936 889 ac
975 848 1175 900 sceleris,
1220 848 1414 890 hortator
1452 848 1536 888 vir-

188 906 292 948 tutis
321 905 536 957 extiterit,
580 904 783 960 quodque
823 904 904 946 sibi
934 919 1100 960 semper
1130 905 1353 960 professus
1384 905 1442 945 sit
1473 903 1538 944 di-

188 965 335 1004 vinum
367 961 571 1016 quiddam
602 961 779 1014 adesse,
813 976 897 1015 quo
928 961 1119 1002 officium
1151 977 1275 1003 suum
1304 962 1360 1003 sit
1390 960 1536 1002 admo-

189 1021 328 1072 nitus,
361 1019 404 1059 id
435 1024 573 1060 totum
605 1018 687 1059 sibi
721 1018 922 1060 Socrates
953 1018 1143 1060 ostendit
1175 1018 1321 1059 divina
1353 1017 1539 1073 quadam

189 1077 364 1118 fortuna
394 1076 624 1131 obtigisse3
656 1081 704 1115 ut
734 1091 773 1130 p.
799 1074 864 1118 20.
895 1076 936 1115 A
968 1100 1020 1104 —
1054 1076 1120 1115 24.
1151 1091 1194 1130 p.
1229 1076 1295 1116 30.
1329 1076 1371 1116 A
1401 1099 1455 1104 —-
1487 1073 1537 1115 C.

191 1135 257 1176 31.
298 1133 347 1173 B.
430 1134 577 1185 Atque
627 1146 677 1172 ex
725 1131 807 1172 hoc
847 1131 941 1186 ipso
982 1132 1100 1172 fonte
1153 1131 1361 1187 originem
1410 1131 1541 1172 habet

190 1190 321 1231 etiam
348 1187 600 1244 magnitudo
643 1188 716 1228 illa
757 1188 907 1240 animi,
949 1203 1078 1241 quam
1115 1202 1191 1242 per
1223 1188 1366 1229 omnia
1396 1193 1540 1228 osten-

190 1252 274 1297 tat,
306 1245 407 1286 inde
438 1245 636 1299 profecta
666 1250 731 1286 est
759 1244 923 1285 invicta
959 1244 1193 1297 fortitudo,
1237 1259 1363 1299 quam
1394 1244 1438 1285 in
1469 1259 1540 1285 ca-

190 1303 311 1359 pitali
354 1316 507 1343 caussa
546 1301 689 1357 palam
727 1301 852 1351 facit3
895 1300 996 1342 inde
1037 1315 1240 1342 sensuum
1279 1307 1322 1342 et
1359 1301 1542 1345 iudicio-

191 1376 285 1401 rum
327 1359 499 1400 celsitas
541 1364 584 1400 et
627 1357 949 1414 magnificentia
987 1363 1137 1399 exorta
1179 1366 1267 1411 est,
1310 1372 1437 1412 quam
1472 1357 1541 1398 vel

190 1417 438 1458 imminente
469 1415 619 1456 mortis
650 1414 843 1469 periculo
877 1429 1023 1455 coram
1051 1413 1266 1455 iudicibus
1294 1415 1338 1455 in
1365 1414 1540 1469 publico

192 1473 351 1514 iudicio
392 1472 608 1524 declarat,
642 1485 752 1525 quae
782 1471 923 1525 ipsum
965 1486 1017 1511 ne
1048 1485 1097 1511 ea
1139 1470 1312 1525 quidem
1340 1471 1539 1525 proloqui

192 1528 396 1585 impedit,
453 1543 562 1582 quae
618 1527 808 1583 speciem
863 1526 1088 1582 superbiae
1138 1542 1240 1582 prae
1291 1542 1336 1568 se
1386 1528 1538 1568 ferant.

192 1587 364 1640 Nempe
406 1586 572 1626 animus
613 1584 815 1626 interiore
854 1583 1026 1625 virtutis
1076 1590 1119 1625 et
1157 1583 1399 1625 honestatis
1436 1599 1539 1626 con-

194 1643 375 1685 scientia
417 1647 684 1684 sustentatus
723 1647 852 1695 atque
893 1639 1029 1681 divini
1082 1641 1270 1682 numinis
1321 1647 1540 1694 tamquam

193 1700 349 1755 spiritu
389 1699 576 1755 agitatus
616 1713 757 1739 rerum
789 1697 1079 1739 (humanarum
1110 1703 1350 1738 contemtor
1380 1704 1446 1738 est
1475 1713 1540 1739 re-

194 1756 392 1813 fugitque
424 1761 467 1797 et
496 1755 634 1810 turpis
668 1754 928 1795 adulationis
959 1754 1244 1795 humilitatem
1275 1760 1317 1795 et
1347 1754 1541 1796 curiosae

192 1812 460 1865 modestiae,
494 1827 604 1866 quae
636 1811 826 1852 veritatis
857 1811 1044 1852 rationes
1075 1811 1272 1867 negligit,
1307 1810 1541 1865 turpitudi-

195 1885 306 1911 nem.
367 1868 487 1922 Quid
516 1867 650 1909 vero?
689 1882 831 1909 nonne
860 1867 972 1908 hanc
1002 1883 1177 1922 quoque
1207 1869 1409 1909 virtutem
1440 1883 1543 1909 con-

194 1925 435 1969 cedendum
465 1931 533 1966 est
563 1924 732 1966 Socrati
761 1939 860 1966 vere
889 1930 1095 1978 recteque
1126 1939 1219 1966 esse
1251 1923 1543 1979 adscriptam?

194 1983 409 2025 Nimirum
446 1988 495 2022 ut
525 1981 649 2022 Plato
689 1981 771 2021 hac
811 1981 855 2021 in
893 1986 1014 2035 parte
1048 1980 1241 2022 Socratis
1282 1983 1470 2035 speciem
1501 1988 1545 2023 et

194 2039 425 2095 imaginem
465 2037 590 2078 aliter
628 2037 795 2092 paullo,
839 2042 968 2090 atque
1010 2037 1062 2078 ab
1104 2037 1198 2077 aliis
1239 2038 1401 2078 factum
1447 2052 1542 2079 esse

195 2098 419 2148 novimus,
452 2093 786 2147 adumbraverit,
818 2100 961 2134 tamen
992 2108 1087 2134 eum
1119 2094 1170 2135 ab
1202 2093 1296 2148 ipsa
1325 2094 1439 2134 vitae
1471 2109 1542 2135 ve-

196 2155 323 2195 ritate
360 2152 429 2193 vel
466 2151 680 2192 tantillum
721 2149 971 2192 discessisse
1003 2150 1174 2191 minime
1205 2156 1271 2191 est
1300 2150 1542 2192 verisimile.

194 2210 289 2251 Imo
320 2208 627 2251 confirmantur
656 2222 765 2262 quae
794 2206 910 2262 apud
939 2207 1076 2263 ipsum
1108 2207 1291 2262 legimus
1331 2223 1417 2248 non
1455 2222 1543 2248 me-

199 2266 405 2308 diocriter
441 2280 588 2306 eorum
626 2264 906 2317 testimoniis,
951 2265 1025 2318 qui
1068 2264 1221 2306 similia
1265 2262 1317 2304 de
1363 2263 1542 2306 Socrate

198 2323 427 2365 memoriae
455 2320 750 2378 prodiderunt.
811 2320 943 2373 Quod
982 2322 1094 2362 enim
1131 2321 1259 2362 etiam
1297 2320 1411 2376 apud
1449 2320 1543 2362 Xe-

199 2380 462 2435 nophontem
501 2379 693 2432 aliosque
726 2384 934 2419 testatum
973 2377 1232 2434 reperimus,
1264 2377 1396 2419 fuisse
1424 2377 1544 2418 illum

199 2437 318 2491 pium
359 2434 403 2477 et
439 2436 686 2492 religiosum
724 2435 963 2488 hominem,
1005 2441 1261 2490 perpetuum
1298 2433 1469 2474 virtutis
1500 2440 1544 2474 et

200 2493 439 2535 honestatis
478 2492 761 2545 hortatorem,
813 2490 1034 2532 assiduum
1083 2491 1287 2533 scientiae
1331 2496 1544 2531 scrutato-

201 2565 312 2602 rem,
345 2549 598 2591 inscientiae
630 2549 948 2604 castigatorem,
979 2548 1247 2603 eundemque
1279 2561 1448 2602 semper
1480 2546 1544 2587 di-

201 2607 348 2647 vinum
387 2605 593 2660 quiddam
634 2607 751 2647 intus
791 2605 836 2646 in
877 2611 1051 2659 pectore
1092 2620 1169 2646 suo
1208 2603 1415 2657 sensisse,
1457 2619 1543 2658 quo

203 2662 269 2715 id,
320 2663 437 2717 quod
485 2663 528 2704 in
570 2663 703 2705 officii
744 2662 1050 2704 exercitatione
1097 2660 1365 2716 sequendum
1415 2666 1542 2713 esset,

205 2726 569 2770 commoneretur,
618 2725 683 2762 est
719 2719 800 2762 hoc
839 2720 1034 2773 profecto
1065 2726 1109 2761 et
1136 2719 1275 2774 ipsum
1317 2716 1541 2770 eiusmodi,
