1644 3039
1324 221 1450 262 LVII

104 335 238 377 bitum
269 335 462 390 fingitur,
495 333 683 376 nondum
713 334 972 375 evenissent.
1035 333 1123 377 Sed
1146 334 1250 389 quid
1272 335 1452 391 postea?

102 392 220 434 Num
250 390 294 432 id
325 408 404 447 pro
436 392 540 433 vitio
559 398 674 432 recte
696 397 842 447 potest
868 391 1032 444 haberi,
1058 391 1176 446 quod
1199 407 1285 432 non
1317 391 1453 433 solum

102 448 300 504 poetic-ae
329 448 517 491 libertati
549 454 616 490 est
643 455 993 501 consentaneum,
1020 447 1096 490 sed
1127 463 1180 489 ne
1211 456 1329 490 caret
1361 448 1454 503 qui-

102 505 200 547 dem
229 504 386 547 idonea
417 521 548 548 causa
569 511 611 546 et
633 505 832 546 ratione?
891 504 1048 559 Neque
1078 506 1189 547 enim
1219 505 1455 561 reperimus

101 561 408 620 philosophum
450 570 607 604 temere
639 561 712 602 illa
742 577 869 603 usum
897 577 991 603 esse
1021 562 1246 615 libertate,
1280 562 1358 604 sed
1388 561 1455 603 vel

101 626 348 675 propterea,
372 618 489 674 quod
511 634 580 660 res
604 619 701 673 ipsa
731 634 781 660 ac
813 618 1121 674 disputationis
1154 625 1454 675 argumentum

102 675 343 733 flagitabat,
375 677 444 718 vel
476 676 575 731 quia
607 676 791 717 obscure
823 675 961 716 voluit
992 675 1237 731 significare
1269 682 1455 732 tempus-2

104 748 189 787 quo
220 747 438 775 sermones
470 733 619 789 scripti
651 738 781 787 atque
815 730 920 773 editi
943 733 1187 786 essent,vel
1213 733 1307 774 aliis
1329 734 1457 774 etiam

105 789 158 831 de
178 790 337 843 causis,
361 805 467 845 quas
490 804 739 831 enumerare
762 789 939 845 longum
965 796 1043 831 est.
1105 790 1308 843 Accedit,
1340 789 1457 844 quod

103 846 178 888 illa
218 847 394 888 licentia
433 861 537 889 usus
579 852 644 888 est
685 853 804 887 tanta
834 845 1132 888 moderatione
1166 862 1215 888 ac
1248 847 1456 897 sollertia,

104 909 151 945 ut
179 919 399 958 nunquam
419 904 522 946 artis
542 904 657 960 leges
688 903 917 945 violaverit
947 910 1022 944 aut
1054 903 1307 959 neglexerit.
1370 903 1458 946 Sed

105 960 212 1002 haec
261 961 450 1002 breviter
492 961 711 1003 monuisse
766 961 951 1002 sufficit:
995 975 1102 1014 quae
1153 960 1188 1002 si
1239 960 1459 1017 copiosius

106 1017 257 1058 vellem
289 1033 528 1073 exponere,
559 1032 734 1070 vereor,
767 1033 821 1058 ne
847 1017 1041 1074 longiore
1081 1033 1190 1073 opus
1223 1024 1337 1059 esset
1371 1017 1459 1058 dis-

104 1075 329 1130 putat-ione
351 1089 479 1129 quam
501 1090 580 1130 pro
602 1082 749 1116 nostro
769 1074 964 1116 consilio.
1020 1074 1175 1128 Itaque
1200 1075 1457 1116 accedamus

106 1130 160 1172 ad
191 1131 402 1172 internam
431 1131 592 1188 dialogi
631 1131 845 1173 Platonici
876 1132 1056 1174 formam
1087 1131 1325 1188 paullisper
1356 1147 1458 1173 cou-

106 1186 395 1229 siderandam.

220 1244 442 1286 Internam
460 1252 603 1286 autem
625 1244 785 1302 dialogi
807 1244 985 1286 formam
1011 1244 1297 1300 intelligimus
1322 1245 1459 1300 ipsam

108 1300 350 1342 disserendi
380 1302 492 1342 viam
514 1308 558 1343 et
582 1303 807 1355 rationem,
833 1316 943 1355 quae
967 1301 1009 1342 in
1031 1316 1081 1342 eo
1106 1309 1270 1357 regnat.
1334 1301 1458 1354 Quae

106 1357 280 1412 quidem
310 1358 378 1399 vel
410 1358 464 1399 ad
497 1374 643 1400 omnes
684 1374 734 1400 ac
764 1357 957 1414 singulas
989 1357 1150 1414 dialogi
1183 1365 1329 1413 partes
1363 1374 1461 1414 per-

107 1415 231 1466 tinet,
255 1415 326 1456 vel
355 1415 398 1456 in
431 1414 721 1472 descriptione
749 1415 940 1456 universi
961 1418 1218 1471 argumenti,
1245 1415 1461 1472 sapienter

108 1478 151 1512 et
179 1470 234 1512 ad
265 1472 369 1513 artis
400 1480 633 1527 praecepta
662 1472 853 1525 tractati,
888 1472 1091 1513 cernitur.
1152 1471 1307 1526 Itaque
1338 1479 1458 1528 patet

105 1527 324 1583 duplicem
358 1543 452 1569 esse
483 1528 640 1570 debere
671 1535 864 1570 nostram
895 1527 947 1569 de
989 1528 1170 1570 internis
1214 1544 1458 1571 sermonum

105 1584 430 1627 Platonicorum
468 1585 700 1627 virtutibus
747 1585 1105 1640 disputationem,
1150 1594 1198 1627 ut
1241 1602 1350 1641 quae
1391 1586 1459 1628 vel

107 1641 162 1682 ad
202 1656 252 1682 ea
290 1641 525 1696 referatur,
559 1658 668 1697 quae
708 1658 786 1698 per
823 1657 971 1684 omnes
1004 1657 1054 1683 ac
1085 1643 1278 1698 singulas
1312 1659 1459 1685 eorum

106 1705 254 1753 partes
303 1698 459 1741 diffusa
507 1707 631 1754 sunt,
672 1700 740 1741 vel
780 1699 835 1741 ad
880 1700 1106 1741 universae
1153 1700 1461 1756 disputationis

109 1762 244 1797 artem
275 1771 325 1797 ac
356 1755 690 1812 descriptionem
720 1757 948 1812 pertineat.

222 1812 282 1853 Et
321 1813 365 1854 in
410 1813 594 1869 singulis
642 1813 817 1868 quidem
856 1813 1054 1869 partibus
1095 1820 1266 1869 praeter
1297 1821 1461 1856 ceteras

109 1869 317 1922 virtutes,
349 1884 458 1923 quae
491 1870 665 1910 Platoni
707 1884 958 1911 communes
995 1876 1096 1912 sunt
1126 1885 1223 1912 cum
1254 1871 1347 1913 aliis
1379 1870 1461 1914 So-

110 1925 309 1978 craticis,
340 1926 572 1982 praecipue
605 1927 763 1968 eminet
801 1925 909 1968 illud
940 1926 1182 1969 disserendi
1214 1928 1460 1981 artificium,

111 1980 230 2036 quod
269 1997 444 2037 prorsus
486 1989 552 2024 est
592 1983 963 2025 accommodatum
1004 1984 1074 2025 vel
1104 1983 1158 2025 ad
1191 2000 1356 2027 errores
1386 2001 1461 2026 va-

110 2053 263 2080 norum
292 2037 515 2081 hominum
543 2040 847 2094 confutandos,
869 2041 938 2082 vel
960 2039 1014 2081 ad
1036 2040 1182 2083 studia
1207 2041 1464 2084 discentium

110 2094 299 2137 iuvanda
342 2102 385 2137 et
431 2097 556 2150 quasi
601 2104 690 2139 arte
741 2097 991 2140 obstetricia
1031 2113 1083 2140 ex
1123 2099 1464 2154 parturientibus

110 2167 258 2193 eorum
303 2152 487 2209 ingeniis
532 2155 732 2196 notiones
773 2155 992 2196 involutas
1033 2155 1277 2198 eliciendas.
1348 2156 1464 2198 Nam

109 2214 279 2250 tantum
310 2210 447 2264 abest,
469 2216 518 2252 ut
539 2210 655 2267 apud
671 2212 914 2265 Platonem,
936 2211 981 2252 id
1004 2212 1120 2267 quod
1141 2212 1258 2269 apud
1288 2219 1464 2255 nostros

111 2265 201 2306 fere
244 2267 460 2322 reperias,
495 2268 637 2309 omnia
673 2275 972 2325 proponantur
1003 2275 1210 2324 tanquam
1241 2271 1326 2311 iam
1358 2270 1463 2311 satis

114 2321 366 2377 explanata,
398 2325 660 2380 argumentis
705 2324 1021 2379 demonstrata,
1065 2334 1272 2382 certoque
1313 2326 1465 2368 ordine

112 2378 226 2419 inter
269 2394 314 2421 se
350 2379 520 2435 iuncta,
552 2387 600 2422 ut
642 2382 755 2423 inter
788 2382 1045 2439 legendum,
1079 2383 1183 2438 quid
1213 2399 1362 2424 verum
1392 2384 1464 2437 sit,

115 2434 222 2490 quid
251 2436 420 2489 falsum,
442 2443 518 2479 tuo
548 2438 640 2494 ipse
670 2439 846 2495 ingenio
878 2439 1105 2494 anquirere
1138 2446 1180 2481 et
1200 2440 1464 2497 investigare

114 2492 284 2548 cogaris
311 2498 354 2534 et
372 2492 427 2534 ad
446 2493 537 2535 veri
555 2496 791 2549 quaerendi
807 2495 997 2538 studium
1017 2497 1196 2539 mirifice
1216 2496 1464 2552 impellaris·

112 2548 287 2590 Etenim
329 2550 528 2592 notiones
569 2552 723 2594 mentis
764 2553 1049 2610 complicatae
1093 2554 1316 2609 paullatim
1346 2555 1464 2596 evol-

114 2612 293 2657 vuntur;
338 2622 448 2662 quae
489 2614 590 2649 sunt
628 2608 822 2652 difficilia
864 2616 907 2651 et
947 2609 1153 2666 impedita
1183 2611 1468 2664 exquiruntur

113 2661 398 2718 pedetentim3
422 2663 608 2719 denique
630 2680 714 2720 res,
740 2681 850 2721 quae
880 2673 1105 2722 tractatur,
1128 2667 1172 2708 in
1204 2674 1291 2709 tam
1320 2668 1463 2710 varias

113 2725 260 2774 partes
290 2727 502 2776 versatur,
527 2727 575 2763 ut
595 2721 833 2779 legentium
862 2723 1037 2780 ingenia
1060 2739 1145 2766 non
1177 2725 1347 2780 possint,
1377 2740 1463 2766 non

116 2776 283 2830 agitari,
318 2778 550 2833 agitatione
583 2780 788 2834 exerceri⁷
824 2780 1130 2823 exercitatione
1162 2781 1302 2837 subigi
1337 2790 1378 2826 et
1411 2780 1463 2821 ad
