1644 3039
455 211 551 252 AI)
596 209 1005 253 CRIToNEM.
1331 212 1407 252 193

59 327 171 368 Plat.
203 341 244 381 p.
269 325 324 365 (34
344 339 440 379 sqq.
472 325 588 366 Hen
603 341 635 365 r.
668 325 848 366 Bremi
880 325 922 365 in
953 325 1086 366 libro:
1121 324 1276 365 Philol.
1309 325 1409 365 Bei-

0 427 2 437 1
58 386 180 439 triigc
211 397 246 423 a.
279 380 320 422 d.
346 381 549 439 ⁴Schweiz
581 382 681 423 Vol.
713 381 747 422 I.
779 398 819 437 p.
849 382 922 421 131
948 397 1042 436 sqq.
1075 379 1194 422 Car.
1229 381 1409 423 Stein-

0 443 2 452 '
59 440 208 481 hart:
247 438 427 480 Platons
464 439 630 481 VVerke
671 439 812 480 iihers.
854 455 937 480 von
988 439 1137 480 Hier.
1189 438 1408 480 Miillcr.

57 497 181 552 Lips.
218 498 340 538 1851.
372 496 474 537 Vol.
507 496 568 536 Π.
599 513 641 552 p.
676 497 771 537 303.

172 587 264 628 Iam
301 601 404 628 vero
445 601 498 627 ex
538 586 613 639 iis,
663 601 773 640 quae
825 585 1034 626 hactenus
1076 584 1409 641 disputaviimis,

0 645 2 652 '
60 644 233 686 videtur
267 644 394 684 etiam
434 643 683 684 coniectura
721 642 817 697 capi
858 657 986 697 posse
1029 641 1081 682 de
1127 642 1410 696 temporibus,

60 702 218 756 quibus
249 700 419 742 libellus
451 700 640 755 scriptus
671 706 714 741 et
738 700 781 740 in
810 699 947 739 lucem
980 699 1197 753 publicam
1229 699 1412 739 emissus

0 777 2 780 ’
61 759 130 800 sit.
189 758 272 799 Est
310 757 424 798 enim
461 757 590 812 longe
629 755 984 798 verisimillimum
1025 756 1214 811 origines
1247 756 1337 796 eius
1371 756 1414 795 iu

60 813 243 857 eandem
280 813 484 856 incidisse
524 820 730 867 aetatem,
772 816 858 868 qna
907 813 1035 854 etiam
1068 813 1289 868 Apologia
1333 811 1414 854 So-

62 872 191 913 cratis
222 878 326 913 nata
358 876 447 924 est,
488 869 703 925 siquidem
746 871 790 911 in
833 877 1017 924 uti-oque
1059 885 1189 924 opere
1223 869 1414 912 Socratis

61 930 105 970 in
136 929 233 984 ipso
266 928 424 984 capitis
453 927 700 970 discrimine
731 927 953 969 constituti
991 927 1134 982 imago
1163 927 1226 967 ita
1256 941 1416 981 propo-

62 986 202 1039 nitur,
246 992 295 1027 ut
336 984 462 1027 simul
502 984 724 1026 doctrinae
762 985 854 1025 eius
895 992 1026 1038 atque
1072 984 1185 1024 vitae
1232 989 1418 1038 agantur

61 1042 292 1084 vindiciae.
352 1041 473 1083 Talis
503 1048 649 1082 autem
689 1041 937 1096 scriptionis
976 1040 1278 1096 suscipiendae
1314 1055 1418 1081 con-

62 1100 208 1141 silium
251 1105 368 1141 certe
403 1097 568 1140 nullum
605 1097 720 1139 aliud
752 1105 922 1153 tempus
957 1099 1096 1153 magis
1128 1097 1310 1138 suadere
1340 1112 1418 1152 po-

63 1152 167 1209 tuit,
210 1170 338 1209 quam
376 1154 494 1209 quod
533 1155 727 1211 proxime
769 1162 872 1209 post
903 1154 1099 1196 Socratis
1139 1160 1321 1195 mortem
1353 1160 1419 1194 est

61 1213 318 1254 insecutum.
380 1212 493 1253 Tum
537 1212 650 1253 enim
689 1218 733 1252 et
772 1218 895 1266 grata
938 1218 1068 1265 atque
1109 1211 1181 1267 pia
1224 1209 1421 1266 magistri

63 1268 308 1312 recordatio
340 1279 383 1311 et
413 1268 735 1311 Socraticorum
772 1270 885 1309 fama
923 1275 1052 1322 atque
1085 1268 1345 1309 existimatio
1378 1273 1421 1307 et

64 1343 166 1369 vero
213 1326 342 1368 etiam
380 1325 517 1381 ipsius
557 1325 859 1382 philosophiae
901 1326 1077 1366 fortuna
1113 1325 1157 1365 in
1190 1324 1418 1366 discrimen

65 1384 257 1426 adducta
307 1383 562 1439 gravissime
612 1381 832 1423 exhortari
873 1381 1024 1423 debuit
1063 1382 1237 1436 scriptis
1277 1381 1421 1436 palam

66 1443 209 1483 facere
250 1454 300 1481 ac
331 1439 573 1492 declarare,
621 1439 759 1493 qualis
792 1454 943 1480 revera
972 1439 1128 1480 fuisset
1156 1439 1222 1479 vir
1251 1438 1422 1493 sapien-

65 1498 258 1541 tissimus
299 1502 342 1537 et
381 1495 486 1551 quid
528 1495 581 1536 de
613 1494 769 1537 studiis
801 1495 892 1536 eius
923 1502 1054 1549 atquc
1084 1497 1199 1537 vitae
1231 1494 1422 1536 consiliis

68 1560 186 1598 esset
215 1551 560 1595 existimandum.
630 1551 761 1605 Quod
801 1558 916 1594 certe
959 1552 1273 1607 posterioribus
1314 1558 1422 1592 tem-

67 1611 271 1669 poribus,
314 1625 446 1666 quum
475 1624 631 1651 caussa
662 1609 756 1650 eius
791 1609 953 1650 dudum
986 1615 1101 1650 esset
1130 1615 1353 1650 transacta
1382 1614 1425 1649 et

70 1667 317 1724 aequalium
353 1665 526 1708 iudiciis
565 1666 808 1721 pensitata,
859 1681 946 1707 non
991 1665 1121 1707 modo
1162 1679 1424 1721 supervaca-

68 1741 196 1768 neum
227 1724 305 1767 sed
335 1723 464 1765 etiam
487 1724 781 1778 importunum
802 1723 996 1763 futurum
1018 1723 1112 1765 fuit,
1172 1723 1287 1764 Nam
1307 1720 1426 1763 aliud

71 1782 176 1839 quid
205 1787 322 1824 certe
353 1786 443 1832 est,
487 1779 604 1835 quod
634 1779 762 1821 Plato
795 1778 1019 1822 Socratem
1060 1786 1214 1835 postea
1252 1780 1298 1820 in
1337 1794 1426 1820 ser-

70 1840 270 1882 monibus
301 1839 392 1879 suis
423 1837 485 1878 ita
509 1837 761 1891 loquentem
791 1835 984 1890 induxit,
1025 1843 1073 1877 ut
1104 1852 1200 1878 eum
1229 1851 1331 1878 suae
1364 1841 1428 1876 at—

74 1912 156 1952 que
205 1894 409 1951 propriae
449 1894 688 1949 sapientiae
740 1893 892 1935 fecerit
932 1893 1223 1949 interpretem.
1296 1891 1429 1946 Quod

74 1959 190 1996 certe
232 1952 484 2006 neutiquam
526 1950 714 2007 pertinet
763 1950 818 1991 ad
857 1949 1050 1992 Socratis
1093 1951 1273 2005 eiusque
1312 1950 1428 1991 vitae

75 2026 125 2053 ac
156 2008 400 2051 studiorum
438 2007 750 2062 defensionem,
797 2007 873 2049 sed
903 2007 1034 2063 longe
1063 2008 1148 2048 alia
1179 2022 1335 2049 caussa
1365 2006 1429 2047 ni-

73 2068 193 2109 titur.

190 2143 395 2187 Ceterum
442 2143 560 2199 quod
600 2143 717 2200 apud
755 2143 993 2200 Diogen.
1042 2143 1153 2184 Lae
1169 2149 1232 2184 rt.
1272 2141 1356 2182 HL
1391 2141 1428 2195 ξ.

79 2205 148 2247 36.
181 2201 277 2244 coll.
308 2202 369 2243 II.
402 2202 439 2256 ξ.
472 2202 539 2242 35.
572 2208 615 2242 et
647 2201 706 2243 II.
740 2203 808 2243 (50.
839 2207 1054 2253 narratur,
1087 2215 1174 2240 non
1206 2199 1431 2248 Critonem

78 2260 237 2311 fuisse,
279 2258 349 2312 qui
400 2257 508 2299 haec
548 2272 646 2299 cum
685 2257 867 2300 Socrate
908 2257 1184 2311 colloquutus
1227 2256 1308 2307 sit,
1355 2253 1432 2296 sed

79 2314 369 2368 Aeschinem,
413 2314 481 2355 cui
517 2320 663 2355 tamen
701 2314 827 2356 Plato
868 2330 918 2356 ea
958 2320 1138 2369 propter
1169 2312 1433 2353 simultatem

82 2371 298 2428 quandam
356 2370 546 2412 tribuere
598 2371 803 2425 noluerit,
860 2387 947 2413 non
1005 2377 1071 2411 est
1118 2368 1434 2411 veridissimilis

81 2426 503 2478 Scjhleiermach
518 2427 599 2468 eri
629 2428 902 2482 coniectura,
936 2427 1164 2468 Platonem
1194 2441 1283 2467 rem
1315 2425 1437 2465 aliter

80 2485 337 2539 instituisse,
367 2499 422 2526 ne
443 2484 704 2538 Aeschines,
737 2491 888 2541 utpote
920 2490 1062 2525 aetate
1092 2484 1244 2536 minor,
1278 2497 1436 2536 aequa-

80 2543 186 2585 lium
228 2541 328 2584 odio
369 2547 412 2583 et
445 2539 610 2582 invidia
649 2541 951 2598 conflagraret.
1013 2540 1290 2594 Quamquam
1320 2537 1438 2579 haud

85 2599 244 2642 scimus
285 2614 340 2639 an
380 2598 466 2640 ista
505 2611 677 2652 quoque
713 2598 926 2653 narratio,
964 2605 1012 2639 ut
1048 2597 1182 2638 multa
1219 2595 1265 2636 id
1300 2609 1436 2651 genus

86 2656 194 2710 alia,
235 2655 287 2697 ab
329 2655 381 2697 iis
422 2656 600 2696 inventa
638 2654 720 2709 sit,
772 2656 846 2710 qui
884 2655 1046 2697 nomini
1084 2653 1281 2694 Platonis
1322 2651 1440 2706 apud

84 2719 283 2768 posteros
313 2712 450 2753 malae
486 2709 748 2753 invidentiae
779 2712 990 2753 maculam
1015 2710 1275 2766 adspergere
1296 2709 1440 2750 conati

85 2776 199 2811 sunt.
279 2768 368 2812 Sed
395 2774 496 2810 utut
523 2783 592 2810 res
623 2774 702 2823 est,
730 2769 838 2810 illud
869 2768 1042 2823 quidem
1074 2781 1221 2808 omnes
1251 2781 1338 2807 uno
1369 2780 1441 2808 ore

141 2839 228 2875 Plat.
256 2840 347 2881 Opp.
375 2839 450 2874 Vol.
475 2840 503 2872 1.
527 2841 565 2872 P.
593 2839 615 2870 Ι.
1120 2836 1170 2875 13
