1644 3039
237 169 380 211 XXII

240 296 325 338 gna
364 287 479 322 esset
516 281 608 321 laus
653 286 696 321 et
724 279 957 321 auctoritas
994 279 1214 321 doctrinae
1245 278 1577 335 Pythagoricae,

240 353 367 393 quam
396 337 594 378 novimus
621 337 664 377 in
694 336 880 378 Graecia
910 351 1065 392 magna
1097 335 1308 389 floruisse,
1339 336 1452 377 illius
1483 351 1581 389 per-

239 393 483 436 noscendae
541 393 779 448 cupiditate
828 393 1039 447 impulsus
1085 392 1268 448 primum
1316 392 1359 432 in
1408 392 1581 433 Italiam

238 451 432 503 traiecit,
478 450 551 491 ubi
588 450 828 506 Archytam
868 450 1174 501 Tarentinum,
1217 447 1446 490 Eudoxum
1477 447 1581 490 Cni-

241 507 380 560 dium,
414 507 543 560 alios,
577 506 629 548 de
661 507 877 563 physicis,
910 506 1245 560 mathematicis,
1287 505 1463 559 ethicis,
1505 521 1580 547 au-

241 564 348 604 divit
376 563 660 618 disputantes.
730 564 853 616 Quae
896 563 1037 619 qualia
1075 563 1258 615 fuerint,
1304 577 1356 602 ex
1388 562 1581 616 Timaeo,

241 620 444 672 Philebo,
486 621 668 674 Politia,
715 620 808 661 aliis
848 620 991 672 libris,
1044 635 1150 675 quos
1203 625 1354 675 postea
1394 619 1580 674 scripsit,

242 677 475 718 existimari
505 684 663 733 potest.
724 678 774 718 In
806 678 872 718 his
906 678 1017 718 enim
1050 677 1230 730 aliisque
1262 675 1432 731 scriptis
1465 675 1583 730 quod

239 734 466 775 manifesta
505 749 709 789 expressa
756 741 856 775 sunt
894 733 1077 789 vestigia
1107 733 1330 774 doctrinae
1363 731 1584 789 Pythago-

240 791 381 843 ricae,
422 789 467 831 id
506 791 610 832 satis
652 798 799 846 aperte
831 790 1042 839 declarat,
1085 796 1246 844 quanto
1286 788 1429 830 studio
1467 789 1584 831 illam

241 847 462 902 amplexus
494 848 569 898 sit3
603 863 848 902 quanquam
876 847 1108 889 tenendum
1140 853 1205 888 est
1236 861 1330 887 eum
1363 845 1585 902 Pythago-

240 904 331 945 rica
360 920 445 945 non
484 904 621 945 videri
651 905 821 961 integra
861 912 903 946 et
933 905 1157 945 immutata
1195 902 1447 955 retinuisse,
1492 902 1584 956 sed,

242 959 358 1015 quod
397 960 510 1001 idem
551 961 603 1002 de
634 961 865 1014 Heracliti,
907 960 1176 1002 Parmenidis
1217 967 1347 1014 atque
1389 958 1584 1002 Socratis

243 1017 439 1059 doctrina
468 1018 529 1059 ita
559 1017 739 1059 iudicari
772 1018 914 1071 debet,
947 1017 1002 1058 ad
1033 1033 1133 1058 suae
1163 1017 1297 1073 ipsius
1330 1015 1586 1070 disciplinae

240 1074 448 1115 rationem
479 1075 787 1117 conformasse.
846 1075 915 1116 Ex
957 1089 1042 1128 qua
1072 1089 1117 1115 re
1148 1073 1482 1128 explicationem
1511 1072 1586 1114 ha-

240 1131 315 1172 bet
345 1131 521 1184 antiqua
550 1131 624 1171 illa
654 1131 789 1185 fama,
824 1146 848 1172 a
877 1131 1075 1173 Platonis
1109 1130 1489 1171 calumniatoribus
1521 1145 1587 1171 se-

241 1187 344 1228 dulo
383 1187 437 1227 ad
478 1188 740 1242 posteritatis
772 1188 1018 1228 memoriam
1056 1193 1316 1242 propagata,
1360 1201 1445 1240 qua
1478 1186 1588 1228 fere-

240 1244 368 1285 batur
398 1244 685 1300 Pythagoreis
724 1245 861 1285 multa
892 1243 1150 1299 surripuisse
1192 1249 1235 1283 et
1264 1242 1319 1283 ad
1349 1258 1437 1283 rem
1467 1257 1588 1284 suam

240 1301 528 1342 transtulisse.
597 1300 741 1353 Quum
781 1307 925 1342 autem
963 1300 1132 1341 videret
1171 1299 1226 1340 ad
1267 1299 1588 1356 Pythagoricae

243 1357 465 1398 doctrinae
504 1358 673 1413 plenam
705 1359 1024 1413 perfectamque
1062 1356 1389 1412 intelligentiam
1429 1357 1589 1409 requiri

242 1421 484 1455 accuratam
528 1415 749 1455 scientiam
793 1430 932 1455 rerum
972 1412 1392 1465 mathematiearum,
1439 1413 1589 1454 relicta

242 1471 372 1513 Italia
410 1471 563 1526 petivit
602 1470 822 1527 Cyrenas,
870 1479 918 1511 ut
959 1469 1127 1510 audiret
1165 1469 1462 1522 Theodorum,
1514 1471 1587 1523 qui

245 1543 374 1583 quum
409 1527 508 1567 olim
543 1527 724 1568 Athenis
756 1534 952 1568 versatus
977 1532 1107 1578 esset,
1140 1542 1337 1581 magnam
1357 1526 1416 1567 ibi
1438 1532 1589 1568 nactus

245 1596 335 1626 erat
366 1583 587 1625 doctrinae
619 1584 789 1625 laudem
823 1585 880 1638 ²⁷¹²).
940 1583 999 1624 Et
1037 1583 1106 1623 hic
1152 1583 1324 1636 quidem
1356 1598 1482 1637 quam
1515 1582 1590 1624 diu

244 1647 533 1682 commoratus
567 1641 645 1694 sit,
677 1657 763 1681 non
797 1646 981 1682 constat.
1039 1639 1163 1680 Fecit
1206 1647 1346 1680 autem
1387 1639 1471 1681 hoc
1510 1639 1591 1681 iter

243 1699 286 1739 in
315 1698 509 1738 Africam
540 1705 814 1753 susceptum,
854 1703 902 1738 ut
932 1713 1026 1737 eum
1057 1696 1281 1737 invaderet
1312 1696 1439 1737 etiam
1470 1697 1590 1752 cupi-

245 1755 357 1796 ditas
387 1753 557 1795 visendi
589 1755 854 1810 Aegyptum.
914 1754 1040 1794 Hanc
1085 1753 1195 1793 enim
1226 1760 1381 1793 terram
1412 1760 1593 1794 noverat

243 1812 427 1868 plurima
460 1811 641 1865 habere,
676 1826 784 1865 quae
816 1810 915 1865 quia
949 1810 1000 1851 ab
1035 1809 1212 1850 aliorum
1244 1810 1498 1865 populorum
1530 1810 1591 1850 le-

245 1869 396 1924 gibus,
439 1868 629 1909 moribus
672 1879 714 1909 et
752 1867 964 1909 institutis
995 1865 1173 1907 multum
1203 1866 1478 1919 recederent,
1521 1881 1592 1908 co-

245 1925 366 1980 gnitu
399 1930 441 1964 et
471 1924 659 1964 iucunda
689 1930 834 1966 essent
866 1929 909 1964 et
941 1923 1076 1964 utilia.
1135 1923 1292 1977 Neque
1314 1923 1465 1964 fefellit
1496 1938 1590 1964 eum

247 1981 525 2036 exspectatio.
594 1980 853 2035 Quanquam
893 1979 1003 2020 enim
1045 1978 1099 2019 ad
1141 1978 1361 2020 doctrinae
1391 1994 1493 2020 suae
1524 1995 1591 2020 ra-

245 2039 407 2079 tionem
448 2037 757 2078 emendandam
798 2036 867 2077 vel
897 2034 1242 2090 amplificandam
1282 2035 1386 2076 nihil
1425 2036 1592 2078 fructus

248 2110 299 2136 ex
330 2097 533 2150 Aegypto
566 2094 817 2149 reportavit,
849 2099 991 2134 tamen
1023 2098 1143 2133 tanta
1173 2092 1231 2133 ibi
1261 2092 1495 2134 instructus
1529 2100 1593 2134 est

246 2167 387 2192 rerum
417 2151 740 2192 utilissimarum
771 2150 1038 2206 cognitione,
1074 2156 1119 2190 ut
1150 2148 1277 2190 huius
1306 2149 1468 2191 itineris
1492 2150 1592 2191 sub-

247 2208 346 2249 inde
387 2223 472 2249 non
513 2208 602 2249 sine
643 2207 832 2249 iucunda
872 2205 1169 2247 recordatione
1208 2207 1468 2248 mentionem
1496 2207 1592 2247 inii-

250 2266 347 2306 ciat.
417 2264 476 2305 Et
512 2265 784 2318 profecturus
826 2269 918 2304 erat
955 2262 1069 2303 haud
1113 2262 1243 2303 dubie
1286 2263 1411 2304 etiam
1454 2264 1497 2304 in
1526 2279 1592 2305 re-

249 2323 399 2378 giones
431 2321 665 2374 Asiaticas,
699 2336 807 2375 quae
838 2319 1049 2361 florebant
1067 2319 1266 2361 similium
1297 2320 1591 2362 institutorum

364 2505 460 2532 tanto
497 2501 574 2541 plus
616 2500 732 2530 valere
772 2498 874 2529 debet
903 2498 1005 2530 huius
1042 2499 1220 2539 scriptoris
1260 2499 1461 2539 auctoritas,
1499 2500 1592 2540 quod

364 2558 446 2578 usus
481 2547 616 2577 videtur
652 2545 906 2576 commentariis
933 2544 1136 2586 Speusippi,
1163 2545 1222 2585 qui
1249 2545 1313 2574 fuit
1338 2555 1446 2585 nepos
1474 2545 1592 2576 Plato-

363 2594 417 2624 nis
444 2602 487 2623 ex
514 2602 644 2623 sorore.
672 2602 702 2624 v.
727 2602 760 2631 p.
791 2589 868 2624 183.
895 2591 917 2621 l.
945 2602 975 2624 e.

306 2639 336 2677 ⁴)
366 2638 402 2669 V.
442 2638 607 2679 Apulei.
642 2638 683 2668 de
716 2636 872 2668 habitud.
906 2637 1015 2668 doctr.
1050 2637 1077 2668 I.
1109 2637 1184 2670 init.
1243 2636 1297 2666 Ab
1333 2637 1409 2676 ipso
1443 2635 1593 2667 Platone

365 2684 510 2718 Theaet,
529 2694 561 2724 p.
580 2682 658 2717 143.
677 2684 717 2714 E.
738 2682 814 2716 147.
831 2682 874 2714 D.
897 2693 971 2723 sqq.
990 2683 1064 2716 161.
1086 2683 1127 2713 Ε.
1153 2688 1314 2713 narratur
1339 2687 1419 2713 ante
1439 2680 1594 2713 Socratis

366 2735 509 2762 mortem
536 2730 691 2761 Athenas
717 2730 851 2761 venisse
878 2734 910 2760 et
939 2729 1153 2769 Protagorae
1178 2728 1285 2760 fuisse
1310 2728 1509 2769 discipulus.
