1644 3039
222 177 333 219 mv

223 290 366 332 effecit
404 289 652 331 adhibendo
692 289 877 347 dialogo.
939 291 1080 345 Quem
1125 292 1205 333 etsi
1238 291 1291 332 ad
1322 292 1566 334 similitudi-

221 362 318 388 nem
342 362 585 388 sermonum
607 345 928 388 Socraticorum
949 349 1246 402 conformavit,
1266 355 1406 390 tamen
1427 364 1567 391 exem-

222 404 294 459 plo
332 415 556 460 poetarum
607 405 894 460 tragicorum,
946 406 1232 458 comicorum,
1282 406 1566 460 mimicorum,

223 476 404 516 quorum
420 461 627 501 rationem
646 467 812 502 mature
831 468 1127 518 perspexerat,
1141 461 1195 502 ad
1211 462 1316 504 artis
1338 469 1570 519 praecepta

224 523 266 558 et
296 516 715 558 verisimilitudinem
756 518 870 559 vitae
903 519 1139 560 communis
1170 519 1390 560 revocavit
1422 525 1465 560 et
1495 535 1569 561 ex-

222 574 369 625 coluit,
397 580 445 615 ut
475 574 694 616 verissime
726 574 1012 616 iudicaverint
1034 574 1204 616 differre
1224 574 1351 617 huius
1373 575 1568 632 dialogos

223 631 278 672 ab
311 631 405 672 aliis
438 637 479 671 et
511 630 832 673 Socraticorum
868 639 911 672 et
942 639 1181 673 ceterorum
1213 632 1570 688 philosophorum

222 687 410 728 omnium
453 687 639 743 dialogis
680 693 872 741 tantum,
915 696 1123 742 quantum
1174 689 1274 730 viva
1323 704 1507 744 corpora
1545 705 1571 730 a

221 744 390 785 statuis.
453 744 513 786 Et
553 744 664 785 hanc
706 744 880 799 quidem
926 761 1071 787 eorum
1117 744 1452 801 pulcritudinem
1496 746 1570 800 qui

219 801 393 855 penitus
412 802 554 842 animo
576 801 680 842 velit
698 802 937 857 percipere,
951 817 1045 844 eum
1063 818 1142 844 nec
1160 802 1378 858 negligere
1398 809 1572 858 oportet

220 867 439 899 externam
459 858 651 914 ipsorum
669 858 847 899 formam
875 874 923 900 ac
949 860 1152 915 speciem,
1175 865 1218 900 et
1242 858 1570 916 diligentissime

220 914 444 956 attendere
482 915 671 956 animum
719 914 774 955 ad
824 915 1065 958 disserendi
1104 917 1219 957 viam
1260 922 1303 957 et
1343 917 1568 969 rationem,

221 986 331 1025 quae
363 979 496 1013 artem
541 972 584 1012 in
617 972 668 1014 iis
701 971 832 1013 habet
862 988 1039 1027 prorsus
1070 973 1333 1028 singularem
1363 979 1406 1015 et
1435 972 1571 1014 admi—

220 1028 411 1070 rabilem.
472 1028 540 1070 De
583 1043 668 1082 qua
697 1034 880 1083 utraque
911 1045 956 1071 re
988 1030 1138 1084 paucis
1171 1028 1402 1071 dicendum
1433 1035 1512 1072 est.

333 1086 486 1139 Itaque
516 1092 737 1127 externam
766 1100 1010 1127 sermonum
1033 1087 1358 1128 Platonicorum
1389 1087 1570 1128 formam

220 1157 344 1183 nemo
384 1142 559 1198 ignorat
599 1142 687 1183 fere
719 1157 812 1183 eam
843 1158 960 1196 esse,
995 1158 1105 1197 quae
1134 1158 1270 1199 prope
1303 1142 1485 1185 accedat
1515 1143 1570 1184 ad

220 1198 459 1240 fabularum
490 1199 757 1240 scenicarum
779 1199 970 1254 speciem
994 1207 1037 1240 et
1058 1200 1397 1241 similitudinem.
1455 1200 1572 1242 Nam

221 1270 351 1296 scena
379 1256 423 1296 in
454 1256 504 1297 iis
537 1255 776 1296 constituta
806 1262 873 1296 est
904 1262 1020 1297 certo
1052 1262 1244 1311 tempore
1275 1262 1319 1297 et
1347 1256 1469 1310 loco,
1495 1257 1572 1299 ubi

218 1328 287 1354 res
327 1313 483 1369 agitur.
551 1311 897 1353 Introducuntur
938 1327 1148 1367 personae
1198 1313 1311 1354 inter
1351 1328 1398 1355 se
1436 1313 1570 1355 collo-

220 1376 423 1424 quentes,
473 1384 656 1423 quarum
705 1369 949 1425 ingenium,
992 1385 1157 1423 mores,
1198 1370 1313 1411 vitae
1362 1369 1569 1424 conditio,

219 1426 456 1479 sentiendi,
489 1424 732 1477 iudicandi,
766 1424 937 1467 dicendi
984 1426 1096 1467 ratio
1135 1441 1312 1482 prorsus
1351 1426 1405 1467 ad
1432 1427 1570 1481 ipsius

218 1483 331 1524 vitae
372 1485 599 1523 veritatem
639 1481 942 1523 describuntur
978 1489 1021 1523 et
1061 1483 1370 1538 exprimuntur.
1437 1483 1571 1524 Prae-

218 1545 338 1581 terea
371 1539 708 1594 disputationem
737 1539 1075 1594 colloquentium
1105 1554 1193 1580 non
1223 1539 1366 1594 inepte
1397 1554 1570 1595 compa-

218 1596 381 1638 raveris
429 1611 524 1638 cum
574 1596 767 1648 actione,
811 1596 948 1649 qualis
996 1602 1062 1637 est
1104 1595 1351 1640 dramatica.
1420 1596 1572 1639 Habet

219 1653 332 1694 enim
360 1653 547 1707 initium,
579 1667 872 1709 progressum,
895 1651 1204 1708 digressiones,
1226 1653 1409 1703 exitum3
1440 1653 1573 1696 habet

218 1726 297 1766 pro
343 1711 619 1752 consiliorum
667 1710 875 1750 varietate
915 1709 1245 1763 sublimitatem,
1294 1709 1568 1766 gravitatem,

218 1767 531 1820 urbanitatem,
585 1766 890 1819 festivitatem,
949 1766 1195 1821 inopinatas
1247 1767 1568 1821 conversiones,

219 1823 405 1879 denique
438 1823 594 1876 omnia,
623 1838 733 1877 quae
763 1823 808 1863 in
839 1822 1085 1864 dramaticis
1105 1822 1262 1865 fabulis
1282 1823 1568 1878 reperiuntur,

218 1880 279 1921 ita
309 1888 358 1921 ut
386 1881 498 1921 inter
528 1879 759 1936 legendum
791 1895 876 1921 non
917 1880 1116 1922 subtilem
1159 1879 1345 1934 aliquam
1377 1879 1571 1936 disputa-

217 1937 379 1978 tionem
411 1937 463 1978 de
494 1936 795 1992 philosophiae
837 1935 1035 1977 doctrina
1070 1936 1220 1978 audire
1249 1935 1459 1991 videaris,
1492 1937 1571 1979 sed

217 1993 387 2036 fabulae
428 1993 578 2046 alicui,
621 1993 830 2049 tragicae,
873 1992 943 2034 vel
987 1993 1176 2035 comicae
1225 1993 1293 2034 vel
1340 1995 1567 2050 satyricae,

219 2056 438 2105 spectator
467 2051 690 2092 interesse.
752 2048 960 2102 Accedit,
995 2049 1112 2103 quod
1158 2050 1296 2091 oratio
1336 2064 1466 2105 saepe
1505 2057 1571 2093 est

217 2108 345 2164 plane
383 2108 579 2163 poetica,
613 2106 774 2148 crebris
810 2106 1073 2162 imaginibus
1123 2121 1173 2148 ac
1213 2106 1568 2150 similitudinibus

220 2165 440 2216 distincta,
463 2163 658 2218 adeoque
677 2169 830 2204 ornata
851 2162 1087 2204 involucris
1120 2163 1375 2217 fabularum,
1409 2164 1569 2219 quibus

219 2221 519 2278 philosophiae
559 2221 718 2276 placita
760 2225 1063 2276 proponuntur
1099 2226 1229 2275 atque
1259 2219 1485 2262 firmantur
1507 2220 1568 2276 '*).

220 2278 367 2332 Quum
404 2293 506 2320 vero
547 2279 603 2319 sit
640 2278 709 2319 lex
741 2292 871 2331 quum
903 2282 1141 2318 ceterarum
1173 2276 1328 2318 artium
1360 2277 1566 2332 omnium,

220 2343 309 2377 tum
339 2335 487 2392 poesis
518 2335 750 2392 imprimis,
783 2340 833 2375 ut
873 2348 969 2375 cum
1009 2348 1151 2375 rerum
1190 2334 1424 2388 varietate,
1457 2349 1569 2389 quae

263 2520 295 2560 *)
322 2520 378 2551 De
402 2519 529 2561 mythis
557 2518 732 2555 Platonis,
759 2518 802 2549 de
827 2517 952 2557 quibus
976 2526 1088 2558 nuper
1113 2525 1252 2557 quoque
1277 2515 1482 2547 exstiterunt
1507 2516 1568 2557 qui

311 2567 419 2597 multa
449 2565 623 2597 mirabilia
657 2564 1020 2600 comminiscerentur,
1046 2563 1200 2594 breviter
1231 2561 1383 2593 diximus
1414 2561 1567 2594 Praefat.

312 2612 357 2644 ad
381 2611 580 2643 Phaedrum
605 2621 638 2651 p.
657 2609 833 2642 CXXXV.
858 2619 935 2650 sqq.
985 2609 1159 2640 Nimirum
1183 2611 1262 2640 sunt
1285 2608 1338 2638 illi
1362 2607 1450 2639 nihil
1473 2609 1568 2639 aliud

309 2658 376 2689 nisi
400 2659 559 2698 poeticae
591 2662 624 2688 et
657 2657 842 2697 religiosae
871 2656 1027 2696 picturae
1059 2658 1168 2687 status
1204 2657 1238 2684 et
1262 2654 1478 2685 condicionis
1505 2654 1568 2685 ali-

311 2704 421 2745 cuius,
446 2704 583 2744 qualem
607 2703 691 2744 poni
717 2707 821 2743 atque
845 2701 952 2733 statui
975 2702 1076 2733 ideae
1102 2699 1249 2732 alicuius
1262 2700 1390 2732 certius
1413 2699 1566 2731 intellec-

310 2754 364 2780 tae
392 2751 482 2781 ratio
504 2750 670 2790 postulat.
