1644 3039
1280 232 1409 273 LXV

58 346 126 388 vel
156 346 424 389 necessariae
465 345 726 388 viderentur.
788 345 900 387 Nam
933 361 1043 401 quae
1077 345 1304 387 manifesto
1333 345 1414 386 fal-

57 417 131 445 sae
156 408 257 445 sunt
275 402 393 445 visae
418 410 492 444 aut
515 417 882 459 supervacaneae,
898 417 968 445 eas
987 403 1160 444 silentio
1179 401 1415 457 praeterire

57 459 300 502 consultum
333 459 546 501 duximus.
605 458 657 500 In
697 458 977 500 diiudicanda
1018 466 1161 500 autem
1200 459 1416 500 variarum

56 516 293 558 lectionum
325 516 616 571 discrepantia
645 531 733 557 non
769 516 906 572 magis
937 516 1096 557 fuimus
1130 516 1314 572 copiosi,
1339 514 1417 556 sed

59 579 135 614 aut
175 572 364 614 breviter
405 573 673 625 monuimus,
705 572 741 614 si
771 587 857 626 qua
889 571 1181 614 admonitione
1214 587 1323 628 opus
1353 571 1418 612 vi-

59 629 258 682 deretur,
291 636 368 671 aut
406 629 460 670 ad
499 645 640 671 rerum
679 635 723 669 et
752 629 983 670 verborum
1015 629 1418 684 interpretationem

61 686 371 743 delegavimus.
432 687 646 740 Pleraque
679 686 806 738 enim,
831 700 940 740 quae
973 685 1029 726 ad
1059 687 1253 727 criticam
1285 685 1418 726 ratio—

0 746 1 779 ἒ
59 758 156 784 nem
193 743 424 798 pertinent,
448 758 545 785 curn
564 758 707 784 rerum
731 748 774 783 et
804 743 1116 784 sententiarum
1146 742 1419 797 expositione

59 806 149 841 tam
179 806 297 841 arcte
337 800 570 841 coniuncta
601 806 722 852 sunt,
755 805 805 840 ut
844 799 919 852 qui
951 798 1025 839 illa
1054 799 1147 841 sine
1178 799 1306 840 huius
1339 812 1419 854 ope

61 870 157 898 sese
191 862 350 911 putant
382 863 499 898 recte
529 856 707 898 tractari
747 871 905 911 posse,
938 855 1046 897 miro
1078 857 1122 896 in
1151 871 1295 897 errore
1325 870 1421 896 ver—

61 912 148 955 sari
176 912 381 954 censendi
411 913 510 954 sint.
571 914 726 967 Itaque
751 912 984 968 plurimum
1017 927 1174 968 operae
1205 913 1248 953 in
1278 926 1423 953 rerum

63 975 106 1011 et
134 970 365 1012 verborum
384 970 742 1026 interpretatione
764 969 1001 1024 posuimus.
1064 969 1163 1022 Quo
1187 970 1233 1010 in
1266 982 1422 1009 creuere

63 1026 144 1068 etsi
173 1026 510 1075 ForsteruS,
544 1026 885 1079 Fischerus,
918 1025 1259 1081 VVyttcubac
1283 1026 1422 1077 iius,

63 1083 468 1137 Buttmannus,
501 1083 907 1136 Heindorfius,
941 1081 1424 1125 Schleiermache-

63 1154 179 1193 rus,
211 1140 441 1193 Astius,
475 1140 562 1193 ahi,
589 1141 648 1181 ita
679 1140 972 1191 elaborarunt,
1007 1146 1055 1180 ut
1085 1140 1138 1181 iis
1169 1155 1256 1181 non
1284 1152 1426 1194 pauca

65 1195 313 1250 debeamus,
332 1202 476 1238 tamen
496 1203 576 1238 nos
603 1213 688 1238 non
713 1197 771 1237 ita
797 1197 1010 1251 pressisse
1041 1212 1189 1237 eorum
1221 1195 1424 1251 vestigia,

66 1259 114 1294 ut
148 1253 252 1293 nihil
287 1253 370 1309 ipsi
402 1253 650 1306 viderimus,
683 1253 808 1294 facile
840 1254 1096 1294 arbitramur
1126 1252 1426 1293 intellecturos

68 1323 185 1363 csse,
227 1310 304 1364 qui
342 1316 492 1351 nostra
532 1310 795 1351 contulerint
835 1324 932 1350 cuni
970 1310 1053 1361 iis,
1096 1324 1207 1363 quae
1248 1309 1301 1350 ab
1342 1308 1425 1349 illis

68 1365 290 1421 disputata
327 1373 442 1408 sunt.
504 1367 564 1408 Et
603 1367 800 1422 profecto
840 1367 883 1406 in
923 1366 1164 1408 scribendis
1209 1380 1427 1415 commcn-

67 1422 188 1465 tariis
226 1423 364 1478 magis
406 1423 535 1464 etiam
573 1422 817 1465 confirmati
858 1437 1007 1464 sumus
1038 1423 1082 1464 in
1115 1438 1166 1463 ea
1196 1422 1426 1474 sententia,

68 1493 195 1533 quam
228 1478 392 1519 dudum
424 1480 693 1535 suscepimus
727 1480 885 1532 animo,
915 1479 1106 1521 dubitari
1136 1485 1251 1520 certe
1283 1493 1427 1534 posse,

69 1550 122 1576 an
153 1534 250 1591 plus
282 1550 334 1576 ex
363 1535 717 1592 interpretatione
748 1551 876 1590 quam
906 1551 957 1576 ex
990 1535 1291 1577 emendatione
1312 1534 1429 1576 utili-

68 1591 170 1634 tatis
208 1591 423 1633 redundet
461 1593 532 1634 vel
561 1593 605 1634 111
638 1593 756 1648 ipsos
789 1592 1025 1647 scriptores
1064 1599 1234 1634 veteres
1277 1591 1347 1634 vel
1385 1592 1430 1632 in

70 1647 329 1690 discentium
374 1649 532 1690 studia.
594 1649 697 1693 Non
740 1665 837 1691 raro
879 1650 991 1690 enim
1031 1649 1219 1690 vidimus
1269 1664 1348 1691 nos
1385 1648 1431 1688 in

72 1705 280 1747 obscuros
323 1705 443 1747 locos
484 1705 699 1759 incidere,
745 1706 843 1760 qui,
889 1722 1021 1760 quum
1070 1704 1430 1762 ingeniosissimis

72 1761 333 1804 coniecturis
374 1777 399 1803 a
437 1763 540 1804 viris
575 1763 718 1804 doctis
749 1764 904 1804 tentati
936 1770 1104 1816 essent,
1136 1769 1227 1804 tum
1260 1762 1432 1803 facilem

72 1818 282 1860 haberent
307 1819 640 1874 explicationem
660 1835 712 1860 ex
732 1819 929 1875 diligenti
949 1835 1091 1860 rerum
1121 1834 1169 1860 ac
1201 1818 1434 1860 verborum

72 1875 457 1930 interpretatione,
491 1891 578 1930 qua
619 1882 782 1917 certum
827 1883 891 1918 est
931 1875 1036 1916 nihil
1075 1875 1172 1931 plus
1200 1874 1343 1916 valere
1377 1872 1435 1915 ad

73 1931 253 1986 ingenia
291 1931 382 1972 veri
424 1938 552 1986 atque
594 1932 732 1987 pulcri
763 1947 893 1974 sensu
926 1931 1172 1974 imbuenda.
1234 1932 1286 1972 In
1317 1946 1434 1972 com-

76 1986 291 2042 ponendis
323 1992 465 2029 antem
496 1989 813 2030 commentariis
845 1989 1005 2030 nostris
1039 2004 1133 2030 eam
1172 1987 1435 2029 moderatio-

75 2058 172 2085 nem
215 2043 516 2098 adhibuimus,
559 2051 608 2086 ut
652 2060 794 2099 neque
834 2046 1167 2087 admisceremus
1207 2060 1280 2098 ea,
1324 2059 1435 2098 quae

77 2100 203 2142 nimis
241 2107 387 2142 essent
425 2102 526 2142 trita
556 2108 599 2143 et
628 2102 849 2158 vulgaria,
882 2117 1021 2156 neque
1055 2102 1206 2144 doctas
1238 2101 1436 2157 disputa-

76 2157 241 2210 tiones,
276 2172 387 2212 quae
420 2157 475 2199 ad
507 2158 908 2215 interpretationem
941 2159 1164 2214 scriptoris
1193 2158 1303 2199 nihil
1333 2173 1436 2199 con-

78 2212 303 2267 ducerent,
337 2213 646 2269 adficeremus,
677 2215 780 2269 sed,
815 2223 1024 2270 quantum
1055 2215 1149 2256 fieri
1178 2220 1352 2270 posset,
1387 2228 1438 2254 ea

78 2275 246 2311 tantum
268 2285 633 2326 expromeremus,
648 2287 758 2326 quae
780 2272 1026 2314 hominibus
1048 2273 1092 2313 in
1117 2270 1298 2313 Graecis
1324 2270 1438 2310 ultra

79 2324 419 2367 mediocritatem
437 2329 621 2370 versatis
639 2328 693 2369 ad
709 2344 851 2370 rerum
869 2336 911 2370 et
931 2329 1161 2370 verborum
1189 2327 1438 2383 intelligen-

80 2381 185 2423 tiam
197 2383 443 2424 necessaria
452 2384 717 2426 viderentur.
755 2384 1019 2440 Quanquam
1040 2385 1223 2426 fatemur
1234 2383 1438 2425 maluisse

82 2453 183 2492 nos,
217 2438 252 2480 si
283 2439 328 2480 in
360 2439 607 2482 alterutram
644 2448 811 2496 partem
842 2441 1111 2497 peccandum
1143 2446 1280 2494 esset,
1312 2453 1439 2494 prae-

83 2495 194 2536 ferre
235 2496 387 2551 copiae
429 2497 655 2539 cuiusdam
694 2498 960 2552 ubertatem,
1004 2513 1113 2553 quae
1160 2498 1247 2538 vim
1278 2495 1441 2552 ingenii

84 2551 186 2604 alat,
213 2567 324 2607 quae
367 2553 524 2594 nimiae
553 2554 778 2596 brevitatis
813 2555 1048 2596 exilitatem
1079 2559 1122 2596 et
1151 2553 1439 2605 ieiunitatem,

87 2608 226 2662 qualis
255 2610 410 2651 mentis
444 2610 557 2652 vires
589 2611 676 2652 fere
712 2618 876 2653 enecat.
937 2610 990 2652 Id
1022 2610 1141 2665 quod
1171 2611 1215 2651 in
1247 2610 1299 2651 iis
1337 2609 1441 2650 Pla-

87 2664 201 2706 tonis
241 2665 471 2720 operibus,
513 2682 623 2721 quae
661 2683 748 2709 non
787 2668 929 2710 solent
968 2668 1052 2710 nisi
1093 2668 1145 2709 ab
1192 2666 1440 2708 hominibus

89 2720 394 2764 eruditioribus
435 2729 479 2764 et
523 2724 567 2764 in
613 2722 767 2766 studiis
808 2724 1050 2766 litterarum
1094 2722 1474 2779 provectioribus·

88 2775 286 2831 lectitari,
320 2778 500 2821 subinde
532 2795 617 2821 uon
650 2780 778 2822 modo
810 2782 939 2832 utile,
972 2779 1049 2822 sed
1085 2780 1213 2822 etiam
1242 2795 1441 2822 necessa-

1137 2847 1173 2888 E
