1644 3039
165 220 484 264 PLATONIS
516 218 905 264 APOLOGIAM
934 221 1257 267 SOCRATIS.
1341 226 1391 266 21

43 349 127 390 que
156 350 308 376 revera
346 350 399 376 ex
427 334 651 376 voluntate
692 332 841 375 divina
871 350 999 390 agere
1030 334 1279 390 planissime
1311 337 1393 379 sibi

39 391 335 447 persuaderet.
396 391 687 445 Quamobrem
728 390 853 432 etiam
900 392 945 432 in
984 392 1206 449 Apologia
1242 393 1392 436 Plato—

40 449 138 490 nica
178 448 416 490 identidem
465 447 675 500 affirmat,
730 462 775 489 se
820 447 1164 492 Atheniensibus
1212 450 1392 492 missum

40 519 135 547 esse
167 505 375 548 divinitus
407 512 451 547 et
478 520 529 546 ex
560 504 708 546 divino
739 504 942 547 mandato
975 506 1118 547 onmia
1148 506 1316 549 fecisse.

150 583 315 627 Verum
346 583 452 626 satis
482 582 588 625 haec
615 582 668 625 de
690 582 965 640 philosophia
987 583 1179 627 Socratis
1200 585 1245 627 in
1266 587 1389 641 Apo-

37 641 157 698 logia
199 641 418 697 descripta
457 640 525 682 vel
563 640 708 696 potius
754 639 981 682 delineata.
1044 640 1176 694 Quod
1216 642 1391 698 quidem

38 700 99 740 ita
127 699 289 740 factum
333 712 451 750 esse,
490 703 540 738 ut
579 697 723 738 omnia
766 698 938 738 veritati
978 698 1090 740 vitae
1122 699 1389 755 respondere

37 755 180 811 putari
210 755 365 808 liceat,
397 753 443 795 id
473 760 587 796 certe
616 761 736 796 tanto
768 760 835 795 est
866 754 1142 809 credibilius,
1184 757 1389 810 quoniam

36 827 146 866 quae
187 811 243 852 ad
280 810 617 853 consummanda
658 826 708 852 ea
748 811 921 853 aliunde
972 818 1074 853 sunt-
1115 813 1386 866 assumenda,

35 867 285 924 planissime
323 883 420 910 Cum
450 868 533 910 illis
565 869 867 922 consentiunt,
908 875 957 910 ut
995 885 1128 910 unum
1168 876 1388 925 tamquam

35 926 276 967 sententiae
316 940 366 967 ac
396 924 649 980 disciplinae
681 940 837 982 corpus
869 925 1116 968 conficiant.
1171 926 1386 969 Transea-

35 997 130 1024 mus
162 981 396 1037 aliquando
429 981 483 1023 ad
515 981 611 1023 alia.

144 1054 386 1097 Acceditur
429 1071 532 1097 vero
572 1055 673 1098 inde
715 1072 739 1097 a
785 1054 975 1098 secunda
1011 1055 1145 1098 libelli
1189 1066 1312 1112 parte
1343 1072 1384 1112 p.

33 1112 100 1153 24.
142 1110 194 1154 C.
230 1127 326 1167 sqq.
364 1112 419 1154 ad
462 1113 752 1155 accusationis
802 1112 1003 1169 publicae
1054 1113 1280 1155 formulam
1321 1112 1385 1155 di-

33 1168 310 1210 lucidandam
365 1177 496 1224 atque
560 1169 845 1212 refutandam.
933 1168 1058 1222 Quae
1119 1185 1252 1224 quum
1301 1169 1384 1213 So-

33 1226 141 1266 crati
169 1226 335 1268 crimini
364 1226 568 1268 vertisset
607 1225 947 1268 adolescentium
987 1228 1310 1283 corruptionem
1341 1241 1385 1269 et

32 1281 303 1337 publicorum
335 1282 511 1324 deorum
543 1283 896 1334 contemtionem,
940 1282 1241 1325 demonstrata
1282 1284 1380 1326 bre-

32 1338 144 1380 viter
181 1339 334 1380 Meleti
372 1339 454 1381 hoc
494 1340 537 1381 in
573 1355 730 1396 genere
770 1339 942 1381 inscitia
981 1346 1242 1395 ostensaque
1284 1341 1382 1384 talis

32 1395 201 1437 consilii
240 1396 546 1452 perversitate,
589 1396 690 1438 inde
729 1412 753 1437 a
793 1412 833 1451 p.
876 1398 942 1437 26.
978 1396 1029 1437 Β.
1071 1397 1125 1438 ad
1159 1398 1380 1452 quaestio-

31 1466 128 1493 nem
160 1451 213 1493 de
254 1452 383 1494 modo
414 1460 456 1494 et
485 1453 648 1495 ratione
686 1452 990 1507 depravandae
1020 1454 1260 1496 iuventutis
1291 1470 1380 1497 res-

29 1508 258 1563 poudetur.
327 1509 551 1551 Iudicatur
597 1517 756 1558 auteur
789 1510 860 1551 ille
909 1509 1147 1552 secundum
1201 1526 1380 1553 accusa-

29 1572 145 1607 tores
202 1565 246 1607 in
297 1582 348 1608 eo
396 1567 537 1620 cerni,
600 1566 721 1621 quod
771 1565 975 1609 Socrates
1025 1567 1223 1622 publicos
1273 1567 1379 1611 deos

30 1628 193 1664 statuat
238 1623 403 1677 nullos,
453 1623 531 1665 sed
578 1623 850 1665 daemonium
897 1623 1103 1678 quiddam
1143 1639 1237 1668 esse
1286 1640 1378 1668 cre-

29 1678 116 1720 dat.
172 1679 383 1722 Nimirum
423 1680 558 1722 altera
595 1679 934 1736 corrumpendae
973 1681 1211 1724 iuventutis
1248 1682 1375 1736 ratio,

28 1735 227 1778 universe
265 1752 319 1778 ex
354 1737 606 1792 sophisticis
647 1744 690 1779 et
727 1737 920 1793 physicis
965 1737 1160 1780 derivata
1202 1739 1374 1793 studiis,

27 1793 111 1834 iam
139 1793 184 1834 in
215 1794 507 1849 superioribus
551 1794 656 1836 satis
686 1795 874 1835 refutata
913 1802 1003 1847 est,
1044 1801 1093 1835 ut
1131 1795 1238 1836 nihil
1276 1812 1376 1852 pro-

25 1849 141 1891 fecto
171 1850 383 1903 viderint,
425 1851 500 1904 qui
532 1851 604 1892 hic
634 1850 791 1893 callida
820 1850 971 1892 fraude
1000 1852 1252 1894 transmissa
1283 1867 1376 1895 esse

26 1905 350 1960 iudicaverunt,
390 1922 501 1961 quae
541 1907 595 1948 ad
635 1923 723 1949 rem
765 1915 1034 1964 praesentem
1071 1910 1373 1964 pertinuerint,

25 1964 277 2019 praesertim
307 1979 437 2019 quum
470 1979 520 2005 ea
552 1964 653 2006 alibi
691 1980 865 2019 quoque
910 1972 1156 2021 tangantur.
1216 1966 1374 2021 Itaque

26 2025 172 2061 orator
209 2036 324 2062 nunc
362 2021 552 2076 pressius
590 2036 776 2076 sequens
818 2022 951 2063 verba
1000 2023 1289 2065 accusationis
1329 2024 1375 2066 in

24 2077 266 2132 posteriore
297 2078 388 2119 eius
417 2085 538 2133 parte
568 2078 724 2133 prioris
752 2093 950 2120 caussam
970 2084 1012 2119 et
1030 2079 1239 2122 rationem
1269 2095 1372 2122 con-

24 2134 151 2175 tineri
182 2135 313 2176 sumit
341 2133 537 2189 adeoque
570 2136 803 2177 acervatim
835 2136 962 2178 ambo
994 2135 1108 2178 illius
1140 2138 1285 2193 capita
1314 2138 1372 2179 si-

23 2190 112 2231 mul
143 2192 362 2247 explorat,
403 2198 620 2247 tamquam
661 2191 714 2234 de
760 2208 848 2234 una
877 2193 1060 2234 maxime
1089 2200 1244 2250 agatur
1272 2194 1371 2236 reli-

24 2247 154 2303 gione
191 2248 454 2303 deorumque
491 2249 761 2304 publicorum
799 2249 1087 2291 contemtione
1129 2258 1257 2305 atque
1295 2266 1370 2293 ne-

25 2302 252 2358 glectione.
310 2305 379 2346 Ita
416 2321 517 2347 vero
548 2305 618 2356 fit,
659 2313 707 2348 ut
735 2321 852 2348 nunc
882 2307 1010 2348 etiam
1041 2308 1369 2364 comperiamus,

25 2360 230 2404 Socrates
258 2361 362 2416 quid
392 2362 444 2403 de
474 2363 750 2420 religione
781 2364 977 2405 senserit.

137 2433 251 2477 Sunt
280 2441 421 2476 autem
460 2442 548 2478 tres
578 2437 847 2491 potissimum
879 2436 979 2490 loci,
1011 2437 1086 2491 qui
1114 2436 1184 2478 hic
1216 2436 1369 2479 diluci-

23 2490 193 2533 dantur.
253 2492 444 2533 Primum
479 2493 589 2534 enim
629 2493 823 2536 ostendit
851 2500 1014 2546 orator,
1053 2509 1149 2536 sese
1178 2493 1366 2550 Lunam,

23 2547 192 2602 Solem,
232 2549 339 2591 alios
378 2548 482 2591 deos
520 2550 742 2606 publicos,
782 2566 860 2606 pro
902 2549 1058 2593 divinis
1097 2550 1256 2592 habere
1286 2567 1365 2594 nu-

22 2605 208 2648 minibus
238 2621 376 2661 neque
397 2607 682 2662 Anaxagorae
715 2607 950 2650 accessisse
980 2607 1236 2662 sententiae,
1266 2608 1364 2652 illos

22 2661 65 2703 in
109 2677 291 2719 corpora
330 2663 535 2705 coelestia
571 2664 870 2706 commutantis
910 2664 973 2719 (p.
1017 2665 1086 2705 26.
1118 2664 1155 2704 B
1185 2690 1240 2694 —
1272 2664 1362 2720 E..)

23 2718 135 2760 Tum
165 2720 535 2777 argumentatione
567 2720 792 2762 subtiliore
837 2736 889 2762 ex
920 2721 1016 2775 ipsa
1044 2719 1259 2763 daemonii
1287 2738 1364 2764 na-

22 2780 118 2817 tura
154 2778 361 2831 consequi
408 2776 694 2830 demonstrat,
743 2785 788 2820 ut
830 2777 934 2820 deos
978 2791 1073 2819 esse
1110 2777 1260 2821 credat
1296 2781 1358 2836 (p,
