1644 3039
1374 169 1443 210 IX

95 285 169 340 qui
200 284 433 340 plurimum
464 300 514 327 ea
542 284 760 338 valerent,
802 284 832 325 ii
874 284 998 325 facile
1027 298 1232 326 summam
1263 282 1307 323 in
1339 282 1442 323 civi-

93 348 182 384 tate
215 342 518 384 auctoritatem
548 347 939 396 consequerentur3
982 347 1071 381 tum
1112 339 1388 395 philosophia
1419 354 1444 379 a

95 398 275 442 Socrate
319 399 371 440 ab
413 398 606 440 inanium
645 413 787 439 rerum
830 397 1157 452 quaestionibus
1190 402 1371 437 avocata
1401 402 1444 437 et

94 455 150 496 ad
181 455 489 511 explorandam
525 454 745 497 hominum
785 455 916 496 vitam
954 469 1178 508 moresque
1213 452 1444 494 emendan-

94 512 173 555 dos
215 511 417 554 traducta
457 518 544 563 est3
590 519 678 553 tum
720 511 905 566 denique
935 511 1083 552 literae
1116 526 1165 552 ac
1185 509 1442 566 disciplinae

95 584 243 611 omnes
274 569 336 610 ita
355 569 551 623 floruere,
580 575 630 610 ut
660 583 732 610 eas
764 585 851 610 non
882 568 1039 609 iniuria
1069 567 1218 609 eodem
1248 573 1442 622 tempore

94 632 138 667 et
168 632 294 668 natas
325 632 368 668 et
396 641 530 682 prope
573 626 786 681 perfectas
818 640 913 667 esse
943 625 1117 667 dixeris.
1180 624 1334 679 Itaque
1364 623 1442 664 mi-

92 682 276 724 randum
306 699 392 724 non
422 689 510 737 est,
551 682 669 738 quod
700 683 851 736 Plato,
893 697 1024 737 quum
1067 682 1225 737 insigni
1259 680 1443 736 quadam

93 745 271 781 naturae
313 739 504 782 bonitate
549 739 801 793 excelleret,
845 740 889 782 in
921 739 1119 780 omnibus
1150 739 1232 779 illis
1262 738 1442 790 artibus,

93 796 250 850 quibus
282 803 401 839 aetas
442 796 619 852 puerilis
651 796 811 838 erudiri
843 796 1033 849 solebat,
1081 795 1311 851 plurimum
1343 810 1444 850 pro-

91 853 248 895 fecisse
290 853 484 907 adeoque
525 853 769 908 aequalium
811 853 1137 895 admirationem
1168 858 1346 908 propter
1376 866 1444 891 ra-

91 925 182 953 ram
215 925 360 952 earum
391 910 615 952 scientiam
646 917 812 952 mature
844 910 1057 952 excitasse
1100 915 1312 950 narratur.
1374 908 1443 949 De

92 982 178 1021 qua
208 982 252 1008 re
287 983 397 1021 quae
427 968 694 1023 posteritatis
725 968 955 1009 memoriae
989 966 1163 1021 prodita
1193 971 1314 1019 sunt,
1343 965 1445 1020 quia

91 1039 264 1065 narrare
295 1024 473 1081 longum
500 1030 567 1067 est
597 1031 641 1066 et
670 1040 695 1065 a
725 1030 872 1066 nostro
907 1024 1106 1066 instituto
1139 1023 1353 1075 alienum,
1386 1022 1444 1063 si-

89 1080 223 1123 lentio
254 1081 538 1137 praeterimus
569 1082 624 1136 ²¹²).
685 1082 850 1123 Verum
891 1081 962 1123 ille
1004 1096 1135 1135 quum
1166 1080 1209 1121 in
1245 1079 1444 1121 omnibus

90 1138 255 1180 artibus
286 1138 531 1193 praeclaros
572 1139 724 1180 fecerit
754 1153 1036 1195 progressus,
1075 1144 1218 1178 tamen
1265 1153 1343 1193 pro
1376 1151 1442 1190 eo,

92 1201 363 1250 quossnatura
390 1196 531 1251 ipsum
565 1202 814 1249 ornaverat,
848 1196 988 1251 pulcri
1019 1195 1280 1249 venustique
1313 1208 1443 1235 sensu

91 1258 135 1292 et
163 1267 306 1293 amore
336 1259 501 1293 mature
543 1251 711 1294 delatus
744 1259 810 1294 est
838 1252 1048 1307 imprimis
1091 1251 1143 1292 ad
1176 1251 1322 1307 poesis
1354 1257 1444 1292 stu-

92 1307 223 1349 dium.
284 1308 440 1362 Itaque
471 1324 557 1350 non
589 1309 728 1351 solum
759 1316 910 1364 poetas
945 1308 1175 1364 diligenter
1212 1308 1442 1361 lectitavit,

91 1364 168 1407 sed
197 1365 323 1406 etiam
353 1366 445 1421 ipse
467 1381 566 1407 mox
598 1366 858 1408 carminibus
890 1365 1132 1422 pangendis
1166 1380 1341 1421 operam
1367 1364 1442 1405 de-

89 1421 168 1462 dit.
228 1422 421 1463 Narrant
451 1423 563 1463 enim
596 1438 692 1463 eum
722 1428 894 1477 praeter
918 1422 1001 1463 alia
1024 1422 1319 1477 composuisse
1349 1437 1444 1463 car-

89 1493 187 1520 men
219 1478 404 1534 epicum,
438 1493 523 1532 quo
554 1478 705 1521 laudes
729 1480 909 1521 Homeri
941 1479 1181 1521 aemulatus
1213 1479 1282 1532 sit,
1314 1484 1443 1533 atque

91 1535 361 1591 tetralogiam
411 1535 677 1589 fabularum,
731 1551 859 1591 quam
908 1552 1003 1578 cum
1057 1536 1152 1578 aliis
1200 1536 1340 1592 poetis
1390 1534 1443 1577 de

87 1592 278 1648 praemio
319 1598 564 1635 certaturus
602 1593 645 1634 in
688 1608 860 1635 scenam
899 1593 1138 1649 producere
1170 1593 1251 1635 sibi
1282 1608 1442 1649 propo-

89 1649 225 1691 suerit
255 1649 333 1704 **).
394 1650 463 1691 Ex
495 1666 580 1704 qua
609 1666 695 1692 una
724 1666 769 1692 re
800 1651 1066 1707 intelligitur,
1101 1656 1264 1705 quanto
1295 1649 1442 1692 studio

86 1705 261 1748 deditus
302 1707 426 1761 poesi
467 1707 624 1760 fuerit,
667 1708 764 1763 ipsa
804 1708 1000 1749 nimirum
1046 1714 1202 1749 natura
1244 1706 1354 1749 duce
1400 1713 1443 1749 et

87 1763 308 1820 magistra.
380 1763 467 1806 Sed
506 1764 623 1818 quod
655 1780 964 1821 saepenumero
1008 1764 1189 1818 accidit,
1230 1770 1280 1805 ut
1316 1779 1442 1820 prae-

88 1820 205 1862 clara
242 1821 418 1877 ingenia
459 1836 563 1863 casu
602 1821 747 1875 aliquo
779 1828 957 1877 repente
988 1821 1259 1863 abducantur
1287 1821 1340 1863 ab
1371 1836 1442 1862 ea-

87 1892 182 1918 rum
213 1892 353 1917 rerum
384 1876 552 1931 studio,
586 1892 695 1932 quas
727 1893 891 1919 summa
920 1879 1049 1919 animi
1081 1877 1320 1934 cupiditate
1350 1893 1440 1919 am-

88 1933 215 1989 plexa
245 1939 358 1987 sunt,
392 1933 505 1975 idem
538 1934 665 1975 etiam
697 1935 870 1976 Platoni
904 1935 1113 1977 accidisse
1146 1941 1333 1989 constat,
1367 1935 1442 1989 qui

89 2004 191 2031 casu
244 1989 384 2032 dicam
429 2006 482 2031 an
531 1990 675 2033 divina
726 1992 870 2046 aliqua
915 1991 1192 2048 providentia
1231 2007 1256 2033 a
1295 1993 1440 2049 poesis

89 2061 232 2088 amore
275 2047 329 2088 ad
369 2047 670 2104 philosophiae
714 2049 904 2091 studium
947 2049 1172 2092 traductus
1214 2056 1293 2091 est.
1353 2049 1440 2091 Hic

91 2103 203 2145 enim
223 2119 354 2158 quum
375 2107 459 2146 iam
486 2105 531 2146 id
562 2112 725 2161 ageret,
758 2112 806 2146 ut
837 2121 942 2161 quas
967 2107 1284 2162 composuisset
1314 2106 1439 2148 fabu-

86 2160 150 2202 las
190 2161 233 2202 in
273 2177 446 2203 scenam
484 2162 778 2204 introduceret
817 2169 947 2218 atque
994 2162 1045 2204 de
1078 2164 1267 2220 praemio
1300 2169 1440 2205 certa-

88 2217 212 2260 minis
244 2233 340 2260 cum
371 2218 465 2260 aliis
496 2221 638 2275 poetis
671 2219 978 2274 contenderet,
1012 2219 1238 2274 Socrates,
1271 2220 1345 2275 qui
1374 2221 1439 2262 iu-

88 2275 210 2316 venis
241 2275 505 2330 praeclaram
546 2276 733 2319 indolem
774 2277 859 2318 iam
890 2283 1016 2318 antea
1047 2279 1348 2334 cognovisset,
1383 2276 1438 2318 ad

88 2346 184 2371 eum
236 2333 443 2385 accessit,
498 2334 699 2390 omnique
751 2333 912 2390 gloriae
952 2335 1190 2390 cupiditate
1241 2349 1293 2376 ex
1344 2334 1436 2376 eius

88 2393 229 2430 mente
259 2389 438 2445 expulsa
466 2396 588 2432 tanto
620 2406 746 2433 verae
777 2391 916 2433 laudis
948 2391 1093 2433 studio
1127 2392 1217 2434 eius
1247 2391 1435 2433 animum

141 2560 172 2600 *)
198 2561 243 2593 V.
269 2561 391 2602 Diog.
419 2560 560 2596 Laert.
588 2562 655 2594 111.
682 2562 715 2596 4.
742 2563 855 2604 ibique
882 2563 999 2595 Mena
1012 2575 1044 2605 g.
1073 2574 1101 2603 ρ,
1135 2562 1211 2597 137.

116 2606 167 2646 **)
200 2607 238 2639 V.
265 2607 431 2639 Aelian.
464 2607 634 2640 3113.st
660 2609 715 2643 30.
744 2609 862 2648 Dion.
890 2609 1032 2641 Laert.
1059 2608 1098 2642 ΙΙ.
1127 2608 1183 2643 30.
1210 2609 1327 2650 ibique
1352 2608 1434 2641 Me-

205 2663 294 2692 nag.
346 2653 419 2685 Has
452 2654 663 2687 narrationes
696 2656 786 2696 quod
821 2655 972 2687 Astius
1008 2665 1068 2696 pro
1101 2654 1228 2687 fabulis
1261 2654 1435 2687 habendas

202 2701 335 2732 censuit
360 2710 392 2741 p.
418 2698 492 2740 18„
526 2700 683 2740 equidem
717 2702 755 2733 iis
787 2707 868 2743 puto
902 2701 1027 2742 aliquid
1058 2705 1152 2734 certe
1183 2701 1250 2734 veri
1277 2701 1433 2741 subesse,

202 2750 237 2777 ut
266 2756 330 2779 non
357 2750 486 2778 temere
515 2746 719 2781 reficiendae
747 2747 934 2782 videantur.
