1644 3039
199 166 277 206 148

295 278 403 341 Cap.
446 279 536 323 XX
550 278 628 322 Vl.

195 347 344 391 νάτου.
382 347 497 391 Εἶεν.
532 353 565 401 ὲ)
570 346 610 389 ὡ
652 349 696 390 δὲ
733 347 785 400 δὴ
819 354 937 398 τίνος
974 347 1074 404 ὑμῖν
1110 349 1464 404 ἀντιτιμήσομαι,
1509 368 1542 392 ω

702 283 892 335 Ἰιμᾶται
930 282 966 323 ι)

710 163 1083 206 PLATONIS

1009 276 1088 324 οὖν
1133 300 1207 337 μοι
1241 281 1264 325 ὁ
1300 282 1415 339 avim
1454 287 1545 325 θα-

1520 344 1537 361 v

195 414 351 470 ἄνὸοες
383 414 647 466 Αθηναῖοις
698 414 723 467 ὴ
763 418 897 467 δῆλον
935 413 1003 459 ὅτι
1042 417 1115 467 τῆς
1151 416 1302 469 άξιάς,·
1349 422 1392 460 τί
1438 411 1541 466 οὖν·

289 524 598 565 Cap.XXV1.B.
628 521 647 565 ἢ
673 523 824 567 δῆλον]
860 527 901 556 V
933 520 951 567 ἦ
978 524 1100 566 διῇῃὶοι
1127 527 1246 557 invitis
1271 527 1372 558 codd.

1423 528 1544 558 Paullo

198 576 278 602 ante
302 568 425 611 ἄνδρες
449 575 527 602 ante
551 565 727 611 Ἀθηιαῖοι
753 583 820 603 om.
849 572 952 604 Bodl.
982 573 1069 603 ven.
1096 572 1128 603 b.
1151 572 1250 605 und,
1277 573 1308 606 1.
1335 573 1366 606 6.
1390 573 1485 604 Flor.
1510 584 1543 614 g.

198 673 270 700 μων
295 663 348 693 καὶ
374 660 463 693 θεὸς
495 663 542 704 τῷ
568 663 666 704 §erup
695 662 840 703 ξυνεπό-

198 719 292 747 μενοι
317 708 388 740 Διΐ.
407 710 530 749 Lysias
557 710 592 740 in
616 710 838 742 Eratosthen.

197 767 229 797 p.
257 756 341 789 39⁸2:
371 753 579 796 ἐπιτυγχάνει
600 753 783 796 Μηλοβιός
808 767 840 787 τε

198 802 252 833 καὶ
269 800 509 842 Μνησιθείδης
534 800 570 833 ἑκ
596 802 659 834 τοῖ’
675 801 837 844 ἐργαστη-

199 850 278 888 ρίου
327 846 493 879 ἀπιόντες.
550 848 834 881 Demosthen.

197 895 373 926 Aristocr.
404 896 435 934 ξ.
463 894 522 928 12:
553 892 591 925 τὰ
619 891 705 925 ὅπλα
728 893 834 935 θήσε-

200 940 284 971 σθαι
326 940 456 979 ἔμελλεν
495 937 513 972 ὀ
546 939 663 979 Σίμων
704 938 776 972 οὐδ’
819 938 836 972 ὁ

198 984 350 1027 Βιάνωρ,
376 987 507 1017 πολῖται
531 986 747 1029 γεγειήμὲνοι
773 988 838 1019 κτλ.

200 1033 309 1064 Plura
340 1033 377 1063 id
402 1043 511 1074 genus
536 1045 567 1064 v.
593 1034 685 1074 apud
710 1033 839 1065 Bern-

200 1079 405 1110 hardium
442 1080 588 1120 Syntax.
635 1079 760 1111 Graec.
809 1091 840 1120 p.

197 1125 274 1159 416.
300 1135 352 1165 sq.

245 1214 325 1248 κᾶν
366 1212 478 1257 ὦφλε
513 1228 540 1257 χ.
585 1214 641 1256 δρ.
674 1232 715 1238 -—
760 1217 841 1248 τῶν

198 1261 381 1304 ψήφων]
431 1265 543 1294 Actor
580 1263 650 1294 nisi
683 1263 839 1302 quintam

197 1309 446 1350 suffrag-iorum
500 1314 635 1351 partem
689 1309 838 1347 tulisset,

197 1356 290 1387 mille
305 1356 480 1387 drachmis
498 1355 709 1386 multabatur
733 1356 838 1387 adeo-

196 1412 262 1444 que
287 1402 433 1433 infamia
458 1398 603 1444 (ἀτιμίᾳ)
638 1402 838 1442 notabatur,

198 1458 267 1489 qua
292 1449 416 1488 fiebat,
451 1453 489 1479 ut
520 1459 562 1479 ne
594 1449 630 1478 in
660 1453 838 1488 posterum

196 1499 378 1526 aecusator
417 1496 585 1526 exsistere
628 1498 756 1534 posset.
806 1505 838 1525 v.

199 1541 412 1572 Demosth.
438 1542 473 1571 in
499 1541 586 1571 Mid.
618 1551 650 1581 p.
676 1539 755 1573 529.
782 1540 836 1573 23.

197 1588 232 1617 iu
252 1586 442 1617 Timocrat.
459 1597 492 1626 p.
516 1586 590 1619 702.
607 1585 638 1619 ξ).
664 1586 700 1616 in
720 1585 838 1617 Theo-

198 1638 281 1663 crat.
313 1643 345 1672 p.
380 1632 480 1665 1323.
517 1633 570 1665 19.
598 1633 642 1662 al.
669 1632 838 1673 Harpo—

199 1684 308 1709 crat.
343 1679 378 1708 in
406 1676 527 1719 δώρων
552 1675 679 1719 γραφή.
701 1677 794 1709 Meu
806 1689 838 1709 r-

199 1726 292 1755 sius
328 1724 438 1755 Lectt.
471 1725 580 1755 Attio.
626 1724 669 1754 V.
710 1723 762 1756 13.
805 1730 839 1755 et

199 1770 361 1801 Themid.
388 1772 464 1801 Att.
482 1771 527 1801 11.
542 1771 596 1803 21.
616 1770 837 1802 Matthiae

199 1818 220 1847 1.
257 1827 284 1847 c.
328 1826 361 1856 p.
397 1816 476 1850 ⁶270.
509 1818 586 1848 coil.
624 1816 778 1847 Meier.
804 1822 838 1848 et

201 1862 486 1895 Schoemann.
519 1864 539 1893 l.
566 1874 594 1894 c.
631 1872 664 1902 p.
691 1862 758 1896 734
783 1873 835 1904 sq.

198 1907 834 1950 Boeekh.Oecon.Att.1.p.406sq.

198 1955 296 1985 Dicit
322 1959 436 1985 autem
466 1954 628 1985 Socrates
654 1955 835 1993 Meletuni‚

198 2001 266 2031 nisi
291 2001 401 2040 Anyti
435 2004 468 2031 et
492 2000 644 2041 Lyconis
671 2005 837 2041 tanquam

198 2043 404 2087 συνηγόρων
438 2046 570 2076 auxilio
605 2046 746 2086 gavisus
786 2057 838 2077 es-

197 2098 260 2133 set,
287 2102 358 2123 non
377 2092 486 2123 fuisse
509 2092 659 2123 laturum
683 2093 839 2132 quintam

197 2144 330 2180 partem
339 2138 597 2179 suffragiorum,
615 2147 718 2178 quum
728 2139 837 2178 ipsius

197 2185 389 2216 auctoritas
423 2189 457 2215 et
489 2185 603 2225 gratia
638 2193 708 2214 non
741 2189 839 2214 tanta

198 2241 274 2263 esse
299 2231 470 2266 videatur,
498 2240 586 2271 quae
604 2230 740 2260 efficere
763 2230 838 2261 sola

199 2278 370 2318 potuerit,
397 2281 435 2306 ut
459 2277 591 2308 iudices
616 2277 730 2316 ipsum
755 2286 836 2306 con-

199 2323 413 2354 demnarent.
477 2322 610 2354 Locum
655 2331 837 2363 perperam

198 2369 370 2400 intellexit
385 2368 413 2400 F
425 2369 435 2400 i
447 2379 462 2400 s
474 2369 521 2400 eh
532 2378 574 2399 er
584 2378 606 2399 n
617 2378 632 2399 s
647 2392 654 2407 ,
678 2373 770 2399 reete
783 2368 836 2398 in-

198 2420 408 2456 terpretatus
451 2420 503 2446 est
546 2413 836 2446 Schleierma-

199 2462 310 2492 cher.
325 2480 368 2484 -
388 2461 456 2491 Pro
474 2456 518 2491 ου’
532 2457 730 2501 μεταλαβών
744 2460 836 2501 quod

200 2507 231 2538 H
241 2509 251 2538 i
261 2518 300 2538 rs
312 2507 377 2538 ehi
389 2517 422 2547 g.
435 2511 534 2548 putat
549 2507 732 2538 dicendum
749 2506 835 2537 fuis-

201 2563 237 2585 se
275 2551 318 2594 μὴ
351 2550 565 2593 μεταλαβών,
603 2553 754 2594 ideoque
784 2556 835 2583 to-

199 2605 269 2630 tum
296 2600 362 2630 hoc
386 2600 594 2633 membrum:
632 2594 674 2629 οὐ
699 2597 832 2637 μεταλα-

198 2643 400 2686 βὼν-τῶν
433 2642 580 2686 ψήφων,
617 2649 655 2675 ut
692 2645 836 2675 Platone

199 2692 383 2732 iudignum
432 2692 590 2733 adeoque
631 2700 835 2731 supervaca-

200 2747 301 2769 neum
327 2737 594 2769 rescindendum
620 2742 654 2768 et
673 2736 836 2768 abiicien-

909 664 988 694 dum
1015 664 1221 701 arbitratur,
1249 665 1290 695 de
1317 666 1543 705 grammatica

909 711 1032 740 saltem
1058 711 1193 741 ratione
1224 711 1365 742 mirifice
1397 712 1543 742 fallitur.

907 755 1048 786 Dicitur
1063 757 1151 787 enim
1168 756 1318 788 Meletus
1335 767 1458 788 revera
1473 767 1543 788 non

906 803 1081 843 accepisse
1115 804 1268 843 quintam
1297 804 1545 844 suffragiorum

904 853 1035 888 partem
1061 848 1127 879 hoc
1154 859 1276 880 sensu:
1309 859 1437 890 quum
1462 860 1544 880 non

905 895 1127 935 acceperit
1145 900 1315 936 partem
1341 900 1401 927 etr.
1425 895 1544 936 ltaque

908 936 962 977 οὐ,
987 951 1057 971 non
1082 938 1126 980 μή
1153 941 1336 973 dicendum
1361 941 1436 972 fuit.
1470 941 1546 973 Nec

906 997 988 1017 vero
1021 986 1062 1017 de
1094 987 1238 1027 reliquis
1271 988 1381 1019 critici
1412 987 1544 1018 iudicio

906 1033 979 1063 ulla
1002 1033 1037 1063 in
1063 1038 1161 1073 parte
1185 1034 1392 1065 accedimus

951 1100 1047 1153 Cap.
1074 1102 1205 1133 XXVI.
1233 1103 1274 1133 Β.
1307 1101 1488 1140 Ίιμᾶται
1515 1100 1532 1131 δ

912 1141 990 1177 οὗ]
1020 1158 1089 1185 μοι
1122 1145 1142 1178 ὁ
1171 1144 1275 1188 ἀνηρ
1315 1146 1542 1189 θαιάτου)

910 1192 1055 1224 Solebat
1087 1194 1179 1225 enim
1204 1201 1304 1225 actor
1330 1194 1543 1225 aestimatio-

907 1249 984 1270 nem
1017 1239 1087 1270 litis
1121 1240 1250 1271 addere
1278 1241 1314 1270 iu
1344 1240 1461 1271 libello
1490 1250 1547 1271 ae·

907 1286 1112 1324 cusationis‚
1137 1287 1205 1317 nisi
1229 1296 1342 1327 poena
1366 1287 1435 1317 iam
1459 1286 1545 1326 legi-

905 1331 970 1362 bus
995 1333 1180 1362 constituta
1209 1338 1310 1363 esset.
1358 1332 1435 1363 Hoc
1455 1333 1546 1362 dice-

906 1378 1007 1408 batur
1025 1378 1204 1417 τιμᾶσθαι;
1223 1390 1255 1409 v.
1270 1378 1427 1409 Pollux
1443 1378 1545 1408 VIII.

906 1422 984 1457 150.
1028 1424 1173 1456 Meletus
1198 1426 1305 1465 igitur
1329 1425 1365 1455 in
1392 1420 1544 1462 ἀντωμο-

909 1471 965 1511 σίᾳ
1010 1471 1209 1510 addiderat,
1257 1469 1436 1501 Socratem
1478 1470 1544 1500 sibi

907 1516 1051 1556 dignum
1083 1526 1165 1547 nece
1199 1517 1327 1555 videri,
1358 1517 1386 1547 si
1422 1526 1545 1547 caussa

907 1562 1100 1593 cecidisset.
1125 1562 1376 1594 Fischerus.

957 1628 1161 1672 ἢδῆλον,
1197 1628 1262 1661 ὅτι
1292 1631 1365 1671 τῆς
1396 1626 1544 1671 ἀξίας]

907 1676 941 1708 h.
967 1688 995 1708 e.
1025 1677 1103 1708 sed
1128 1678 1233 1718 quid
1266 1678 1457 1717 quaero?
1494 1686 1545 1708 an

906 1723 953 1753 id
1020 1723 1192 1764 quidem
1262 1723 1544 1755 manifestum

906 1773 972 1799 est
997 1775 1060 1800 etc.
1087 1779 1118 1798 v.
1144 1769 1188 1800 ad
1214 1769 1355 1809 Protag.
1379 1771 1428 1800 in.
1461 1769 1547 1799 Pei·-

904 1825 1022 1855 peram
1046 1816 1155 1856 igitur
1192 1809 1210 1855 ⁷7³
1234 1815 1406 1846 scribitur.
1452 1814 1547 1845 Dein

906 1860 1107 1892 Cobetus
1132 1862 1233 1892 Varr.
1258 1862 1370 1892 Lectt.
1405 1870 1439 1901 p.
1465 1860 1544 1894 300.

905 1908 1066 1938 emendat
1096 1908 1245 1939 seilicet:
1289 1909 1321 1937 τί
1353 1902 1418 1937 οὖν
1447 1904 1547 1946 ἄξιός

904 1951 980 1991 εἰμι.
1029 1952 1106 1991 Quo
1132 1958 1324 1984 commento
1349 1953 1546 1984 debilitavit

907 1999 1108 2030 Socraticae
1134 2001 1306 2030 orationis
1321 2000 1392 2030 vim
1417 2003 1452 2029 et
1467 2009 1546 2040 gra-

907 2045 1047 2075 vitatem
1077 2055 1147 2076 non
1184 2046 1416 2077 mediocriter.
1465 2045 1544 2076 Hoc

906 2091 997 2121 enim
1023 2091 1107 2122 dicit
1133 2089 1317 2122 Socrates:
1343 2089 1444 2131 quid
1468 2091 1543 2130 igi-

905 2136 998 2166 tur?
1027 2146 1151 2176 quum
1176 2141 1374 2177 apertum
1399 2136 1457 2167 sit
1478 2146 1542 2167 me

907 2186 1066 2213 contra
1109 2183 1234 2213 litem
1279 2186 1543 2214 aestumatu-

907 2238 993 2259 rum
1028 2238 1122 2260 esse
1155 2229 1312 2269 prouti
1346 2237 1541 2268 mereor,

906 2275 1012 2315 quid
1036 2279 1100 2305 ete.

952 2321 991 2351 τί
1031 2317 1156 2360 ἄξιός
1197 2319 1278 2358 εἰμι
1318 2319 1475 2351 παθεῖν
1519 2316 1541 2360 ἢ

906 2362 1133 2407 ἀποτῖσαι]
1165 2366 1248 2397 Fuit
1280 2366 1365 2397 haec
1388 2366 1539 2397 formula

903 2423 967 2443 usu
995 2413 1029 2443 in
1054 2413 1193 2444 iudiciis
1219 2417 1379 2453 recepta,
1410 2412 1448 2443 iu
1472 2422 1541 2453 qua

905 2458 1030 2491 παθεῖν
1073 2459 1117 2490 ad
1163 2468 1342 2500 poenam
1388 2467 1540 2498 corpo-

905 2506 969 2544 ris,
1007 2501 1163 2536 ἀποτῖσαι
1197 2505 1241 2536 ad
1280 2504 1454 2535 multam
1487 2513 1540 2534 re-

904 2551 1024 2582 fertur.
1058 2563 1089 2582 v.
1115 2551 1335 2582 Heraldus
1361 2548 1463 2580 Obss.
1496 2550 1542 2580 ad

905 2597 927 2628 Ι.
964 2599 1006 2628 A.
1033 2603 1067 2628 et
1091 2597 1131 2628 R.
1171 2596 1224 2627 ΙΙΙ.
1250 2596 1324 2629 1—
1344 2595 1376 2627 6.
1417 2595 1541 2636 Lely-

905 2644 997 2674 velt
1022 2644 1076 2674 De
1111 2642 1254 2674 infamia
1279 2651 1321 2672 ex
1343 2642 1422 2683 jure
1448 2642 1540 2672 Atti-

906 2700 944 2720 co
973 2700 1004 2730 p.
1020 2688 1097 2723 268.
1123 2689 1349 2720 Hermann.
1374 2688 1540 2728 Antiqui-

907 2740 980 2766 tatt.
1010 2735 1104 2766 Publ.
1131 2733 1255 2765 Graec.
1286 2732 1321 2776 ς’.
1348 2732 1424 2767 143.
1459 2743 1539 2764 anu.
