<?xml version="1.0" encoding="UTF-8"?>
<!DOCTYPE html PUBLIC "-//W3C//DTD XHTML 1.0 Transitional//EN"
    "http://www.w3.org/TR/xhtml1/DTD/xhtml1-transitional.dtd">
<html xmlns="http://www.w3.org/1999/xhtml" xml:lang="en" lang="en">
 <head>
  <title>
</title>
<meta http-equiv="Content-Type" content="text/html;charset=utf-8" />
  <meta name='ocr-system' content='tesseract 3.04.00' />
  <meta name='ocr-capabilities' content='ocr_page ocr_carea ocr_par ocr_line ocrx_word'/>
</head>
<body>
  <div class='ocr_page' id='page_1' title='image "./n1operaomniarecens01platuoft/n1operaomniarecens01platuoft_0251.png"; bbox 0 0 1644 3039; ppageno 0'>
   <div class='ocr_carea' id='block_1_1' title="bbox 175 181 1366 228">
    <p class='ocr_par' dir='ltr' id='par_1_1' title="bbox 175 181 1366 228">
     <span class='ocr_line' id='line_1_1' title="bbox 175 181 1366 228; baseline -0.003 -1"><span class='ocrx_word' id='word_1_1' title='bbox 175 184 507 228; x_wconf 88' lang='lat' dir='ltr'><strong>APOLOGIA</strong></span> <span class='ocrx_word' id='word_1_2' title='bbox 547 182 866 227; x_wconf 83' lang='lat' dir='ltr'>SOCRATIS.</span> <span class='ocrx_word' id='word_1_3' title='bbox 906 184 956 226; x_wconf 90' lang='lat' dir='ltr'>P.</span> <span class='ocrx_word' id='word_1_4' title='bbox 987 185 1058 225; x_wconf 84' lang='lat'>41.</span> <span class='ocrx_word' id='word_1_5' title='bbox 1089 181 1153 225; x_wconf 82' lang='lat' dir='ltr'>St.</span> <span class='ocrx_word' id='word_1_6' title='bbox 1290 183 1366 223; x_wconf 81' lang='lat'>171</span> 
     </span>
    </p>
   </div>
   <div class='ocr_carea' id='block_1_2' title="bbox 16 296 1375 895">
    <p class='ocr_par' dir='ltr' id='par_1_2' title="bbox 16 296 1375 895">
     <span class='ocr_line' id='line_1_2' title="bbox 17 296 1370 356; baseline -0.005 -9"><span class='ocrx_word' id='word_1_7' title='bbox 17 302 96 347; x_wconf 83' lang='grc' dir='ltr'>οὐκ</span> <span class='ocrx_word' id='word_1_8' title='bbox 131 298 188 346; x_wconf 73' lang='grc' dir='ltr'>ἂν</span> <span class='ocrx_word' id='word_1_9' title='bbox 222 301 354 355; x_wconf 79' lang='grc' dir='ltr'><em>ἀηδὲς</em></span> <span class='ocrx_word' id='word_1_10' title='bbox 406 302 485 355; x_wconf 77' lang='grc' dir='ltr'>εἴη.</span> <span class='ocrx_word' id='word_1_11' title='bbox 540 303 612 345; x_wconf 81' lang='grc' dir='ltr'>καὶ</span> <span class='ocrx_word' id='word_1_12' title='bbox 658 300 711 354; x_wconf 83' lang='grc' dir='ltr'>δὴ</span> <span class='ocrx_word' id='word_1_13' title='bbox 763 299 811 344; x_wconf 87' lang='grc' dir='ltr'>τὸ</span> <span class='ocrx_word' id='word_1_14' title='bbox 856 305 1082 356; x_wconf 76' lang='grc' dir='ltr'><em>μέγιστον,</em></span> <span class='ocrx_word' id='word_1_15' title='bbox 1135 296 1239 350; x_wconf 80' lang='grc' dir='ltr'><em>τοὺς</em></span> <span class='ocrx_word' id='word_1_16' title='bbox 1286 303 1370 341; x_wconf 78' lang='grc' dir='ltr'>ἐκεῖ</span> 
     </span>
     <span class='ocr_line' id='line_1_3' title="bbox 16 364 1371 427; baseline -0.004 -14"><span class='ocrx_word' id='word_1_17' title='bbox 16 369 272 423; x_wconf 77' lang='grc' dir='ltr'><em>ἐξετάζοντα</em></span> <span class='ocrx_word' id='word_1_18' title='bbox 316 373 386 413; x_wconf 80' lang='grc' dir='ltr'>καὶ</span> <span class='ocrx_word' id='word_1_19' title='bbox 423 371 664 427; x_wconf 74' lang='grc' dir='ltr'><em>ἐρευνῶντα</em></span> <span class='ocrx_word' id='word_1_20' title='bbox 700 365 838 424; x_wconf 77' lang='grc' dir='ltr'><em>ὥςπερ</em></span> <span class='ocrx_word' id='word_1_21' title='bbox 883 366 989 418; x_wconf 78' lang='grc' dir='ltr'><em>τοὺς</em></span> <span class='ocrx_word' id='word_1_22' title='bbox 1033 369 1238 410; x_wconf 77' lang='grc' dir='ltr'><em>ἐνταῦθα</em></span> <span class='ocrx_word' id='word_1_23' title='bbox 1276 364 1371 409; x_wconf 76' lang='grc' dir='ltr'><em>διιέ-</em></span> 
     </span>
     <span class='ocr_line' id='line_1_4' title="bbox 17 435 1370 495; baseline -0.004 -16"><span class='ocrx_word' id='word_1_24' title='bbox 17 454 119 492; x_wconf 73' lang='grc' dir='ltr'><em>γειν,</em></span> <span class='ocrx_word' id='word_1_25' title='bbox 158 440 222 487; x_wconf 81' lang='grc' dir='ltr'>τίς</span> <span class='ocrx_word' id='word_1_26' title='bbox 259 435 407 480; x_wconf 82' lang='grc' dir='ltr'><em>αὐτῶν</em></span> <span class='ocrx_word' id='word_1_27' title='bbox 443 435 583 495; x_wconf 81' lang='grc' dir='ltr'><em>σοφός</em></span> <span class='ocrx_word' id='word_1_28' title='bbox 617 442 707 479; x_wconf 75' lang='grc' dir='ltr'><em>ἐστι</em></span> <span class='ocrx_word' id='word_1_29' title='bbox 742 438 813 478; x_wconf 83' lang='grc' dir='ltr'>καὶ</span> <span class='ocrx_word' id='word_1_30' title='bbox 850 439 914 485; x_wconf 86' lang='grc' dir='ltr'>τίς</span> <span class='ocrx_word' id='word_1_31' title='bbox 950 435 1087 479; x_wconf 64' lang='grc' dir='ltr'><em>οἴεται</em></span> <span class='ocrx_word' id='word_1_32' title='bbox 1132 438 1234 489; x_wconf 75' lang='grc' dir='ltr'><em>μέν,</em></span> <span class='ocrx_word' id='word_1_33' title='bbox 1279 436 1370 476; x_wconf 76' lang='grc' dir='ltr'><em>ἔστι</em></span> 
     </span>
     <span class='ocr_line' id='line_1_5' title="bbox 17 495 1371 560; baseline -0.004 -12"><span class='ocrx_word' id='word_1_34' title='bbox 17 503 50 548; x_wconf 77' lang='grc' dir='ltr'>δ’</span> <span class='ocrx_word' id='word_1_35' title='bbox 93 502 159 547; x_wconf 75' lang='grc' dir='ltr'>οὔ.</span> <span class='ocrx_word' id='word_1_36' title='bbox 201 507 268 547; x_wconf 77' lang='grc' dir='ltr'>ἐπὶ</span> <span class='ocrx_word' id='word_1_37' title='bbox 304 503 424 560; x_wconf 85' lang='grc' dir='ltr'><em>πόσῳ</em></span> <span class='ocrx_word' id='word_1_38' title='bbox 471 503 503 547; x_wconf 83' lang='grc' dir='ltr'>δ’</span> <span class='ocrx_word' id='word_1_39' title='bbox 546 501 603 546; x_wconf 79' lang='grc' dir='ltr'>ἄν</span> <span class='ocrx_word' id='word_1_40' title='bbox 639 520 724 554; x_wconf 81' lang='grc' dir='ltr'><em>τις,</em></span> <span class='ocrx_word' id='word_1_41' title='bbox 761 495 792 544; x_wconf 84' lang='grc' dir='ltr'><em>ὦ</em></span> <span class='ocrx_word' id='word_1_42' title='bbox 830 501 986 557; x_wconf 77' lang='grc' dir='ltr'><em>ἄνδρες</em></span> <span class='ocrx_word' id='word_1_43' title='bbox 1031 505 1252 552; x_wconf 85' lang='grc' dir='ltr'><em>δικασταί,</em></span> <span class='ocrx_word' id='word_1_44' title='bbox 1296 502 1371 543; x_wconf 79' lang='grc' dir='ltr'>δὲ-</span> 
     </span>
     <span class='ocr_line' id='line_1_6' title="bbox 17 566 1372 624; baseline -0.003 -10"><span class='ocrx_word' id='word_1_45' title='bbox 17 572 142 624; x_wconf 80' lang='grc' dir='ltr'><em>ξαιτο</em></span> <span class='ocrx_word' id='word_1_46' title='bbox 187 571 386 624; x_wconf 77' lang='grc' dir='ltr'><em>ἐξετάσαι</em></span> <span class='ocrx_word' id='word_1_47' title='bbox 432 569 512 615; x_wconf 85' lang='grc' dir='ltr'>τὸν</span> <span class='ocrx_word' id='word_1_48' title='bbox 557 573 627 614; x_wconf 80' lang='grc' dir='ltr'>ἐπὶ</span> <span class='ocrx_word' id='word_1_49' title='bbox 668 573 834 624; x_wconf 83' lang='grc' dir='ltr'><em>Τροίαν</em></span> <span class='ocrx_word' id='word_1_50' title='bbox 883 568 1113 624; x_wconf 64' lang='grc' dir='ltr'><em>ἀγαγόντα</em></span> <span class='ocrx_word' id='word_1_51' title='bbox 1149 566 1230 621; x_wconf 86' lang='grc' dir='ltr'>τὴν</span> <span class='ocrx_word' id='word_1_52' title='bbox 1265 570 1372 611; x_wconf 88' lang='grc' dir='ltr'><em>πολ-</em></span> 
     </span>
     <span class='ocr_line' id='line_1_7' title="bbox 18 633 1375 696; baseline -0.002 -15"><span class='ocrx_word' id='word_1_53' title='bbox 18 637 100 691; x_wconf 81' lang='grc' dir='ltr'>λὴν</span> <span class='ocrx_word' id='word_1_54' title='bbox 135 638 361 695; x_wconf 77' lang='grc' dir='ltr'><em>στρατιάν,</em></span> <span class='ocrx_word' id='word_1_55' title='bbox 393 657 419 690; x_wconf 84' lang='grc' dir='ltr'>η</span> <span class='ocrx_word' id='word_1_56' title='bbox 453 637 668 688; x_wconf 79' lang='grc' dir='ltr'><em>Ὀδυσσέα,</em></span> <span class='ocrx_word' id='word_1_57' title='bbox 706 655 731 689; x_wconf 82' lang='grc' dir='ltr'>η</span> <span class='ocrx_word' id='word_1_58' title='bbox 769 638 992 696; x_wconf 72' lang='grc' dir='ltr'><em>Σίσυᾳον,</em></span> <span class='ocrx_word' id='word_1_59' title='bbox 1031 635 1057 689; x_wconf 80' lang='grc' dir='ltr'>ἢ</span> <span class='ocrx_word' id='word_1_60' title='bbox 1095 633 1256 685; x_wconf 78' lang='grc' dir='ltr'><em>ἄλλους</em></span> <span class='ocrx_word' id='word_1_61' title='bbox 1292 652 1375 690; x_wconf 87' lang='grc' dir='ltr'>μυ-</span> 
     </span>
     <span class='ocr_line' id='line_1_8' title="bbox 18 702 1374 780; baseline -0.002 -32"><span class='ocrx_word' id='word_1_62' title='bbox 18 710 142 761; x_wconf 80' lang='grc' dir='ltr'><em>ρίους</em></span> <span class='ocrx_word' id='word_1_63' title='bbox 175 703 232 748; x_wconf 73' lang='grc' dir='ltr'>ἄν</span> <span class='ocrx_word' id='word_1_64' title='bbox 270 723 334 756; x_wconf 85' lang='grc' dir='ltr'>τις</span> <span class='ocrx_word' id='word_1_65' title='bbox 370 706 486 749; x_wconf 81' lang='grc' dir='ltr'><em>εἴποι</em></span> <span class='ocrx_word' id='word_1_66' title='bbox 523 708 592 748; x_wconf 84' lang='grc' dir='ltr'>καὶ</span> <span class='ocrx_word' id='word_1_67' title='bbox 628 702 797 759; x_wconf 79' lang='grc' dir='ltr'><em>ἄνδρας</em></span> <span class='ocrx_word' id='word_1_68' title='bbox 823 708 893 747; x_wconf 79' lang='grc' dir='ltr'>καὶ</span> <span class='ocrx_word' id='word_1_69' title='bbox 924 713 1159 780; x_wconf 53' lang='grc' dir='ltr'><em>ὶυναῖκαςς</em></span> <span class='ocrx_word' id='word_1_70' title='bbox 1199 702 1264 753; x_wconf 84' lang='grc' dir='ltr'>οἷς</span> <span class='ocrx_word' id='word_1_71' title='bbox 1290 708 1374 746; x_wconf 79' lang='grc' dir='ltr'><em>ἐκεῖ</em></span> 
     </span>
     <span class='ocr_line' id='line_1_9' title="bbox 18 768 1374 827; baseline -0.003 -11"><span class='ocrx_word' id='word_1_72' title='bbox 18 775 163 827; x_wconf 69' lang='grc' dir='ltr'><em>διαλὲ)</em></span> <span class='ocrx_word' id='word_1_73' title='bbox 154 776 306 816; x_wconf 72' lang='grc' dir='ltr'><em>εσθαι</em></span> <span class='ocrx_word' id='word_1_74' title='bbox 338 776 411 816; x_wconf 81' lang='grc' dir='ltr'>καὶ</span> <span class='ocrx_word' id='word_1_75' title='bbox 447 774 638 825; x_wconf 78' lang='grc' dir='ltr'><em>ξυνεῖναι</em></span> <span class='ocrx_word' id='word_1_76' title='bbox 672 790 745 815; x_wconf 82' lang='grc' dir='ltr'><em>και</em></span> <span class='ocrx_word' id='word_1_77' title='bbox 784 772 993 824; x_wconf 68' lang='grc' dir='ltr'><em>ἐξετάζειν</em></span> <span class='ocrx_word' id='word_1_78' title='bbox 1037 769 1270 827; x_wconf 79' lang='grc' dir='ltr'><em>αμήχανον</em></span> <span class='ocrx_word' id='word_1_79' title='bbox 1316 768 1374 813; x_wconf 79' lang='grc' dir='ltr'>ἂν</span> 
     </span>
     <span class='ocr_line' id='line_1_10' title="bbox 19 837 1372 895; baseline -0.004 -11"><span class='ocrx_word' id='word_1_80' title='bbox 19 840 83 894; x_wconf 82' lang='grc' dir='ltr'>εἴη</span> <span class='ocrx_word' id='word_1_81' title='bbox 119 840 401 895; x_wconf 83' lang='grc' dir='ltr'><em>εὐδαιμονίας</em></span> <span class='ocrx_word' id='word_1_82' title='bbox 446 840 636 890; x_wconf 75' lang='grc' dir='ltr'><em>πάντως.</em></span> <span class='ocrx_word' id='word_1_83' title='bbox 685 838 736 883; x_wconf 86' lang='grc' dir='ltr'>οὐ</span> <span class='ocrx_word' id='word_1_84' title='bbox 783 839 927 891; x_wconf 82' lang='grc' dir='ltr'><em>δηπου</em></span> <span class='ocrx_word' id='word_1_85' title='bbox 963 837 1126 882; x_wconf 84' lang='grc' dir='ltr'><em>τούτου</em></span> <span class='ocrx_word' id='word_1_86' title='bbox 1166 856 1212 892; x_wconf 55' lang='grc' dir='ltr'>γε</span> <span class='ocrx_word' id='word_1_87' title='bbox 1249 842 1372 879; x_wconf 73' lang='grc' dir='ltr'><em>ἕνεκα</em></span> 
     </span>
    </p>
   </div>
   <div class='ocr_carea' id='block_1_3' title="bbox 20 903 1374 963">
    <p class='ocr_par' dir='ltr' id='par_1_3' title="bbox 20 903 1374 963">
     <span class='ocr_line' id='line_1_11' title="bbox 20 903 1374 963; baseline -0.002 -12"><span class='ocrx_word' id='word_1_88' title='bbox 20 914 62 951; x_wconf 82' lang='grc' dir='ltr'>οἱ</span> <span class='ocrx_word' id='word_1_89' title='bbox 108 907 192 951; x_wconf 72' lang='grc' dir='ltr'>ἐκεῖ</span> <span class='ocrx_word' id='word_1_90' title='bbox 237 907 572 952; x_wconf 79' lang='grc' dir='ltr'><em>ἀποκτείνουσι·</em></span> <span class='ocrx_word' id='word_1_91' title='bbox 632 906 686 949; x_wconf 78' lang='grc' dir='ltr'>τά</span> <span class='ocrx_word' id='word_1_92' title='bbox 733 924 778 949; x_wconf 88' lang='grc' dir='ltr'>τε</span> <span class='ocrx_word' id='word_1_93' title='bbox 825 904 910 963; x_wconf 74' lang='grc' dir='ltr'>γάρ</span> <span class='ocrx_word' id='word_1_94' title='bbox 955 904 1070 949; x_wconf 79' lang='grc' dir='ltr'><em>ἄλλα</em></span> <span class='ocrx_word' id='word_1_95' title='bbox 1118 903 1374 960; x_wconf 78' lang='grc' dir='ltr'><em>εὐδαιμονέ-</em></span> 
     </span>
    </p>
   </div>
   <div class='ocr_carea' id='block_1_4' title="bbox 19 1059 1378 1424">
    <p class='ocr_par' dir='ltr' id='par_1_4' title="bbox 19 1059 1377 1231">
     <span class='ocr_line' id='line_1_12' title="bbox 19 1059 1377 1102; baseline -0.003 -9"><span class='ocrx_word' id='word_1_96' title='bbox 19 1071 94 1093; x_wconf 81' lang='lat' dir='ltr'>sum</span> <span class='ocrx_word' id='word_1_97' title='bbox 127 1061 368 1093; x_wconf 86' lang='lat' dir='ltr'>venustissime</span> <span class='ocrx_word' id='word_1_98' title='bbox 401 1061 514 1093; x_wconf 87' lang='lat' dir='ltr'>addita</span> <span class='ocrx_word' id='word_1_99' title='bbox 549 1061 708 1092; x_wconf 81' lang='lat' dir='ltr'>videatur</span> <span class='ocrx_word' id='word_1_100' title='bbox 740 1060 926 1102; x_wconf 81' lang='lat' dir='ltr'>particula,</span> <span class='ocrx_word' id='word_1_101' title='bbox 967 1059 1183 1091; x_wconf 84' lang='lat' dir='ltr'>subindicans</span> <span class='ocrx_word' id='word_1_102' title='bbox 1216 1059 1377 1098; x_wconf 76' lang='lat' dir='ltr'>sinoulari</span> 
     </span>
     <span class='ocr_line' id='line_1_13' title="bbox 20 1103 1378 1149; baseline -0.002 -10"><span class='ocrx_word' id='word_1_103' title='bbox 20 1118 101 1140; x_wconf 86' lang='lat' dir='ltr'>casu</span> <span class='ocrx_word' id='word_1_104' title='bbox 127 1107 211 1146; x_wconf 84' lang='lat' dir='ltr'>fieri,</span> <span class='ocrx_word' id='word_1_105' title='bbox 237 1112 272 1139; x_wconf 87' lang='lat' dir='ltr'>ut</span> <span class='ocrx_word' id='word_1_106' title='bbox 295 1107 371 1149; x_wconf 83' lang='lat' dir='ltr'>quis</span> <span class='ocrx_word' id='word_1_107' title='bbox 399 1118 477 1139; x_wconf 78' lang='lat' dir='ltr'>vere.</span> <span class='ocrx_word' id='word_1_108' title='bbox 505 1107 642 1148; x_wconf 85' lang='lat' dir='ltr'>sapiens</span> <span class='ocrx_word' id='word_1_109' title='bbox 670 1107 867 1139; x_wconf 85' lang='lat' dir='ltr'>inveniatur.</span> <span class='ocrx_word' id='word_1_110' title='bbox 918 1106 1055 1147; x_wconf 82' lang='lat' dir='ltr'>Quippe</span> <span class='ocrx_word' id='word_1_111' title='bbox 1082 1107 1130 1137; x_wconf 76' lang='lat' dir='ltr'>ns·</span> <span class='ocrx_word' id='word_1_112' title='bbox 1151 1103 1192 1137; x_wconf 77' lang='grc' dir='ltr'>ἂν</span> <span class='ocrx_word' id='word_1_113' title='bbox 1211 1106 1378 1137; x_wconf 86' lang='lat' dir='ltr'>Herman-</span> 
     </span>
     <span class='ocr_line' id='line_1_14' title="bbox 19 1148 1377 1194; baseline -0.003 -8"><span class='ocrx_word' id='word_1_114' title='bbox 19 1164 84 1186; x_wconf 78' lang='lat' dir='ltr'>nus</span> <span class='ocrx_word' id='word_1_115' title='bbox 109 1154 354 1194; x_wconf 74' lang='lat' dir='ltr'>interpretatur</span> <span class='ocrx_word' id='word_1_116' title='bbox 377 1165 395 1194; x_wconf 84' lang='lat' dir='ltr'>q</span> <span class='ocrx_word' id='word_1_117' title='bbox 409 1164 447 1185; x_wconf 84' lang='grc' dir='ltr'>ιιι</span> <span class='ocrx_word' id='word_1_118' title='bbox 476 1153 612 1189; x_wconf 75' lang='lat' dir='ltr'>sorte,</span> <span class='ocrx_word' id='word_1_119' title='bbox 639 1163 719 1184; x_wconf 90' lang='lat' dir='ltr'>wer</span> <span class='ocrx_word' id='word_1_120' title='bbox 747 1157 860 1183; x_wconf 88' lang='lat' dir='ltr'>etwa.</span> <span class='ocrx_word' id='word_1_121' title='bbox 886 1151 1051 1183; x_wconf 80' lang='lat' dir='ltr'>Fortasse</span> <span class='ocrx_word' id='word_1_122' title='bbox 1078 1157 1190 1185; x_wconf 86' lang='lat' dir='ltr'>tamen</span> <span class='ocrx_word' id='word_1_123' title='bbox 1216 1148 1265 1193; x_wconf 69' lang='lat' dir='ltr'>Hp</span> <span class='ocrx_word' id='word_1_124' title='bbox 1294 1151 1377 1183; x_wconf 86' lang='lat' dir='ltr'>scri-</span> 
     </span>
     <span class='ocr_line' id='line_1_15' title="bbox 20 1198 180 1231; baseline -0.007 0"><span class='ocrx_word' id='word_1_125' title='bbox 20 1198 180 1231; x_wconf 81' lang='lat' dir='ltr'>bendum.</span> 
     </span>
    </p>

    <p class='ocr_par' dir='ltr' id='par_1_5' title="bbox 19 1241 1378 1424">
     <span class='ocr_line' id='line_1_16' title="bbox 109 1241 1378 1286; baseline -0.002 -10"><span class='ocrx_word' id='word_1_126' title='bbox 109 1245 148 1276; x_wconf 88' lang='lat' dir='ltr'>C.</span> <span class='ocrx_word' id='word_1_127' title='bbox 187 1241 407 1286; x_wconf 80' lang='grc' dir='ltr'><em>ἀμήχανον</em></span> <span class='ocrx_word' id='word_1_128' title='bbox 437 1241 484 1276; x_wconf 83' lang='grc' dir='ltr'>ἂν</span> <span class='ocrx_word' id='word_1_129' title='bbox 516 1244 601 1286; x_wconf 79' lang='grc' dir='ltr'>εἴη]</span> <span class='ocrx_word' id='word_1_130' title='bbox 652 1244 710 1275; x_wconf 89' lang='lat' dir='ltr'>Sic</span> <span class='ocrx_word' id='word_1_131' title='bbox 734 1242 835 1274; x_wconf 86' lang='lat' dir='ltr'>Bodl.</span> <span class='ocrx_word' id='word_1_132' title='bbox 862 1242 967 1274; x_wconf 78' lang='lat' dir='ltr'>Coisl.</span> <span class='ocrx_word' id='word_1_133' title='bbox 995 1243 1078 1276; x_wconf 88' lang='lat' dir='ltr'>Ven.</span> <span class='ocrx_word' id='word_1_134' title='bbox 1106 1243 1144 1277; x_wconf 85' lang='grc' dir='ltr'>Ξ.</span> <span class='ocrx_word' id='word_1_135' title='bbox 1169 1254 1199 1275; x_wconf 87' lang='lat' dir='ltr'>a.</span> <span class='ocrx_word' id='word_1_136' title='bbox 1227 1243 1260 1274; x_wconf 91' lang='lat' dir='ltr'>b.</span> <span class='ocrx_word' id='word_1_137' title='bbox 1285 1242 1378 1282; x_wconf 64' lang='lat' dir='ltr'>Vat„</span> 
     </span>
     <span class='ocr_line' id='line_1_17' title="bbox 19 1288 1378 1332; baseline -0.001 -10"><span class='ocrx_word' id='word_1_138' title='bbox 19 1301 79 1323; x_wconf 77' lang='lat' dir='ltr'>sex</span> <span class='ocrx_word' id='word_1_139' title='bbox 106 1291 292 1331; x_wconf 67' lang='lat' dir='ltr'>Vindobb„</span> <span class='ocrx_word' id='word_1_140' title='bbox 323 1290 412 1324; x_wconf 85' lang='lat' dir='ltr'>Flor.</span> <span class='ocrx_word' id='word_1_141' title='bbox 438 1302 466 1322; x_wconf 82' lang='lat' dir='ltr'>a.</span> <span class='ocrx_word' id='word_1_142' title='bbox 489 1290 519 1323; x_wconf 94' lang='lat' dir='ltr'>b.</span> <span class='ocrx_word' id='word_1_143' title='bbox 544 1301 577 1332; x_wconf 91' lang='lat' dir='ltr'>g.</span> <span class='ocrx_word' id='word_1_144' title='bbox 603 1291 685 1322; x_wconf 89' lang='lat' dir='ltr'>Zitt.</span> <span class='ocrx_word' id='word_1_145' title='bbox 724 1290 802 1321; x_wconf 83' lang='lat' dir='ltr'>Par.</span> <span class='ocrx_word' id='word_1_146' title='bbox 833 1288 1017 1321; x_wconf 79' lang='lat' dir='ltr'>BCDEH</span> <span class='ocrx_word' id='word_1_147' title='bbox 1034 1289 1139 1330; x_wconf 75' lang='lat' dir='ltr'>STg.</span> <span class='ocrx_word' id='word_1_148' title='bbox 1169 1290 1277 1329; x_wconf 77' lang='lat' dir='ltr'>Vulgo</span> <span class='ocrx_word' id='word_1_149' title='bbox 1305 1293 1378 1320; x_wconf 83' lang='lat' dir='ltr'>erat</span> 
     </span>
     <span class='ocr_line' id='line_1_18' title="bbox 20 1333 1375 1379; baseline -0.001 -10"><span class='ocrx_word' id='word_1_150' title='bbox 20 1333 205 1379; x_wconf 79' lang='grc' dir='ltr'><em>ἀμηχάνου.</em></span> <span class='ocrx_word' id='word_1_151' title='bbox 247 1337 330 1368; x_wconf 86' lang='lat' dir='ltr'>Dein</span> <span class='ocrx_word' id='word_1_152' title='bbox 357 1336 567 1369; x_wconf 85' lang='lat' dir='ltr'>Turicenses</span> <span class='ocrx_word' id='word_1_153' title='bbox 594 1347 667 1368; x_wconf 86' lang='lat' dir='ltr'>cum</span> <span class='ocrx_word' id='word_1_154' title='bbox 695 1336 845 1376; x_wconf 86' lang='lat' dir='ltr'>quinque</span> <span class='ocrx_word' id='word_1_155' title='bbox 879 1334 981 1368; x_wconf 79' lang='lat' dir='ltr'>codd.</span> <span class='ocrx_word' id='word_1_156' title='bbox 1009 1346 1088 1367; x_wconf 84' lang='lat' dir='ltr'>mss.</span> <span class='ocrx_word' id='word_1_157' title='bbox 1118 1338 1375 1376; x_wconf 81' lang='lat' dir='ltr'>interpuugunt:</span> 
     </span>
     <span class='ocr_line' id='line_1_19' title="bbox 19 1379 1377 1424; baseline -0.002 -9"><span class='ocrx_word' id='word_1_158' title='bbox 19 1380 250 1423; x_wconf 71' lang='grc' dir='ltr'><em>εὐδαιμονίας.</em></span> <span class='ocrx_word' id='word_1_159' title='bbox 277 1380 411 1414; x_wconf 72' lang='grc' dir='ltr'><em>πάντως</em></span> <span class='ocrx_word' id='word_1_160' title='bbox 443 1379 485 1414; x_wconf 77' lang='lat'>013</span> <span class='ocrx_word' id='word_1_161' title='bbox 513 1380 626 1424; x_wconf 85' lang='grc' dir='ltr'><em>δήπου</em></span> <span class='ocrx_word' id='word_1_162' title='bbox 659 1383 723 1414; x_wconf 81' lang='grc' dir='ltr'><em>κτλ.</em></span> <span class='ocrx_word' id='word_1_163' title='bbox 750 1382 801 1413; x_wconf 93' lang='lat' dir='ltr'>cui</span> <span class='ocrx_word' id='word_1_164' title='bbox 829 1382 953 1413; x_wconf 87' lang='lat' dir='ltr'>rationi</span> <span class='ocrx_word' id='word_1_165' title='bbox 979 1382 1169 1414; x_wconf 82' lang='lat' dir='ltr'>reluctatur</span> <span class='ocrx_word' id='word_1_166' title='bbox 1194 1381 1377 1413; x_wconf 79' lang='lat' dir='ltr'>collocatio</span> 
     </span>
    </p>
   </div>
   <div class='ocr_carea' id='block_1_5' title="bbox 21 1425 567 1471">
    <p class='ocr_par' dir='ltr' id='par_1_6' title="bbox 21 1425 567 1471">
     <span class='ocr_line' id='line_1_20' title="bbox 21 1425 567 1471; baseline -0.002 -10"><span class='ocrx_word' id='word_1_167' title='bbox 21 1430 218 1461; x_wconf 84' lang='lat' dir='ltr'>vocularum</span> <span class='ocrx_word' id='word_1_168' title='bbox 246 1425 289 1460; x_wconf 75' lang='grc' dir='ltr'>οὐ</span> <span class='ocrx_word' id='word_1_169' title='bbox 315 1427 428 1470; x_wconf 83' lang='grc' dir='ltr'><em>δήπου</em></span> <span class='ocrx_word' id='word_1_170' title='bbox 447 1448 491 1452; x_wconf 91' lang='grc'><strong>-</strong></span> <span class='ocrx_word' id='word_1_171' title='bbox 521 1440 567 1471; x_wconf 84' lang='grc' dir='ltr'>γε.</span> 
     </span>
    </p>
   </div>
   <div class='ocr_carea' id='block_1_6' title="bbox 20 1538 675 2779">
    <p class='ocr_par' dir='ltr' id='par_1_7' title="bbox 20 1538 666 1952">
     <span class='ocr_line' id='line_1_21' title="bbox 22 1538 660 1584; baseline -0.003 -9"><span class='ocrx_word' id='word_1_172' title='bbox 22 1543 110 1575; x_wconf 89' lang='lat' dir='ltr'>bium</span> <span class='ocrx_word' id='word_1_173' title='bbox 137 1543 167 1576; x_wconf 89' lang='lat'>1.</span> <span class='ocrx_word' id='word_1_174' title='bbox 185 1542 215 1574; x_wconf 91' lang='lat' dir='ltr'>d.</span> <span class='ocrx_word' id='word_1_175' title='bbox 243 1541 412 1574; x_wconf 76' lang='lat' dir='ltr'>scribatur</span> <span class='ocrx_word' id='word_1_176' title='bbox 427 1542 480 1573; x_wconf 83' lang='grc' dir='ltr'>καὶ</span> <span class='ocrx_word' id='word_1_177' title='bbox 505 1538 660 1584; x_wconf 79' lang='grc' dir='ltr'><em>ἀντιπαρ.</em></span> 
     </span>
     <span class='ocr_line' id='line_1_22' title="bbox 21 1588 662 1627; baseline 0 -7"><span class='ocrx_word' id='word_1_178' title='bbox 21 1590 73 1621; x_wconf 87' lang='lat' dir='ltr'>vel</span> <span class='ocrx_word' id='word_1_179' title='bbox 111 1590 177 1620; x_wconf 86' lang='lat' dir='ltr'>alio</span> <span class='ocrx_word' id='word_1_180' title='bbox 210 1588 312 1620; x_wconf 88' lang='lat' dir='ltr'>modo</span> <span class='ocrx_word' id='word_1_181' title='bbox 337 1588 546 1627; x_wconf 59' lang='lat' dir='ltr'>corrigatur.</span> <span class='ocrx_word' id='word_1_182' title='bbox 598 1589 662 1621; x_wconf 78' lang='lat' dir='ltr'>Ve-</span> 
     </span>
     <span class='ocr_line' id='line_1_23' title="bbox 23 1634 662 1668; baseline 0.002 -2"><span class='ocrx_word' id='word_1_183' title='bbox 23 1645 93 1666; x_wconf 89' lang='lat' dir='ltr'>rum</span> <span class='ocrx_word' id='word_1_184' title='bbox 149 1634 234 1666; x_wconf 86' lang='lat' dir='ltr'>vidit</span> <span class='ocrx_word' id='word_1_185' title='bbox 289 1635 352 1666; x_wconf 87' lang='lat' dir='ltr'>iam</span> <span class='ocrx_word' id='word_1_186' title='bbox 408 1634 662 1668; x_wconf 78' lang='lat' dir='ltr'>FisclieruS.</span> 
     </span>
     <span class='ocr_line' id='line_1_24' title="bbox 22 1679 664 1722; baseline -0.002 -9"><span class='ocrx_word' id='word_1_187' title='bbox 22 1680 96 1713; x_wconf 91' lang='lat' dir='ltr'>Nisi</span> <span class='ocrx_word' id='word_1_188' title='bbox 122 1680 209 1712; x_wconf 76' lang='lat' dir='ltr'>forte</span> <span class='ocrx_word' id='word_1_189' title='bbox 236 1690 311 1712; x_wconf 91' lang='lat' dir='ltr'>cum</span> <span class='ocrx_word' id='word_1_190' title='bbox 340 1683 377 1710; x_wconf 70' lang='lat' dir='ltr'>A.</span> <span class='ocrx_word' id='word_1_191' title='bbox 396 1679 608 1713; x_wconf 76' lang='lat' dir='ltr'>Matthiae</span> <span class='ocrx_word' id='word_1_192' title='bbox 634 1681 664 1722; x_wconf 73' lang='grc' dir='ltr'>ξ,</span> 
     </span>
     <span class='ocr_line' id='line_1_25' title="bbox 20 1726 666 1768; baseline -0.003 -7"><span class='ocrx_word' id='word_1_193' title='bbox 20 1726 99 1762; x_wconf 83' lang='grc'><strong>636.</strong></span> <span class='ocrx_word' id='word_1_194' title='bbox 132 1731 254 1768; x_wconf 81' lang='lat' dir='ltr'>putare.</span> <span class='ocrx_word' id='word_1_195' title='bbox 286 1726 380 1758; x_wconf 84' lang='lat' dir='ltr'>malis</span> <span class='ocrx_word' id='word_1_196' title='bbox 406 1727 574 1766; x_wconf 80' lang='lat' dir='ltr'>apodosin</span> <span class='ocrx_word' id='word_1_197' title='bbox 607 1737 666 1768; x_wconf 86' lang='lat' dir='ltr'>per</span> 
     </span>
     <span class='ocr_line' id='line_1_26' title="bbox 21 1772 663 1815; baseline -0.002 -10"><span class='ocrx_word' id='word_1_198' title='bbox 21 1773 257 1815; x_wconf 73' lang='lat' dir='ltr'>negligentiam</span> <span class='ocrx_word' id='word_1_199' title='bbox 299 1772 466 1812; x_wconf 85' lang='lat' dir='ltr'>quandam</span> <span class='ocrx_word' id='word_1_200' title='bbox 508 1774 663 1804; x_wconf 79' lang='lat' dir='ltr'>iteratam</span> 
     </span>
     <span class='ocr_line' id='line_1_27' title="bbox 23 1818 665 1859; baseline -0.005 -6"><span class='ocrx_word' id='word_1_201' title='bbox 23 1830 111 1853; x_wconf 86' lang='lat' dir='ltr'>esse.</span> <span class='ocrx_word' id='word_1_202' title='bbox 162 1818 245 1850; x_wconf 80' lang='lat' dir='ltr'>Nam</span> <span class='ocrx_word' id='word_1_203' title='bbox 276 1822 434 1859; x_wconf 86' lang='lat' dir='ltr'>poterant</span> <span class='ocrx_word' id='word_1_204' title='bbox 457 1829 537 1851; x_wconf 84' lang='lat' dir='ltr'>sane</span> <span class='ocrx_word' id='word_1_205' title='bbox 554 1819 665 1850; x_wconf 86' lang='lat' dir='ltr'>omitti</span> 
     </span>
     <span class='ocr_line' id='line_1_28' title="bbox 22 1859 664 1907; baseline 0 -11"><span class='ocrx_word' id='word_1_206' title='bbox 22 1865 145 1898; x_wconf 77' lang='lat' dir='ltr'>verba:</span> <span class='ocrx_word' id='word_1_207' title='bbox 171 1861 219 1895; x_wconf 76' lang='lat' dir='ltr'>w‘s·</span> <span class='ocrx_word' id='word_1_208' title='bbox 236 1861 301 1905; x_wconf 79' lang='grc' dir='ltr'>ἐγώ</span> <span class='ocrx_word' id='word_1_209' title='bbox 323 1859 424 1902; x_wconf 77' lang='grc' dir='ltr'><em>οἶμαι,</em></span> <span class='ocrx_word' id='word_1_210' title='bbox 449 1861 512 1896; x_wconf 76' lang='grc' dir='ltr'>οὐκ</span> <span class='ocrx_word' id='word_1_211' title='bbox 538 1877 579 1896; x_wconf 89' lang='grc' dir='ltr'>αν</span> <span class='ocrx_word' id='word_1_212' title='bbox 605 1862 664 1907; x_wconf 78' lang='grc' dir='ltr'>ἀη-</span> 
     </span>
     <span class='ocr_line' id='line_1_29' title="bbox 23 1910 167 1952; baseline -0.021 -8"><span class='ocrx_word' id='word_1_213' title='bbox 23 1910 79 1944; x_wconf 76' lang='grc' dir='ltr'>δὲς</span> <span class='ocrx_word' id='word_1_214' title='bbox 104 1910 167 1952; x_wconf 78' lang='grc' dir='ltr'>εἴη.</span> 
     </span>
    </p>

    <p class='ocr_par' dir='ltr' id='par_1_8' title="bbox 22 1953 663 2088">
     <span class='ocr_line' id='line_1_30' title="bbox 59 1953 662 2000; baseline 0 -11"><span class='ocrx_word' id='word_1_215' title='bbox 59 1957 126 1989; x_wconf 87' lang='grc' dir='ltr'>καὶ</span> <span class='ocrx_word' id='word_1_216' title='bbox 145 1953 191 1998; x_wconf 82' lang='grc' dir='ltr'>δὴ</span> <span class='ocrx_word' id='word_1_217' title='bbox 208 1955 252 1987; x_wconf 91' lang='grc' dir='ltr'>τὸ</span> <span class='ocrx_word' id='word_1_218' title='bbox 270 1953 662 2000; x_wconf 74' lang='grc' dir='ltr'><em>μέγιστον,τοὺς-]</em></span> 
     </span>
     <span class='ocr_line' id='line_1_31' title="bbox 22 2001 663 2042; baseline -0.003 -6"><span class='ocrx_word' id='word_1_219' title='bbox 22 2004 79 2036; x_wconf 89' lang='lat' dir='ltr'>De</span> <span class='ocrx_word' id='word_1_220' title='bbox 109 2003 178 2034; x_wconf 86' lang='lat' dir='ltr'>hoc</span> <span class='ocrx_word' id='word_1_221' title='bbox 211 2001 368 2042; x_wconf 84' lang='lat' dir='ltr'>loquendi</span> <span class='ocrx_word' id='word_1_222' title='bbox 403 2012 463 2034; x_wconf 91' lang='lat' dir='ltr'>usu</span> <span class='ocrx_word' id='word_1_223' title='bbox 497 2012 526 2037; x_wconf 87' lang='lat' dir='ltr'>v.</span> <span class='ocrx_word' id='word_1_224' title='bbox 562 2003 663 2035; x_wconf 89' lang='lat' dir='ltr'>Mat-</span> 
     </span>
     <span class='ocr_line' id='line_1_32' title="bbox 24 2047 452 2088; baseline -0.005 -6"><span class='ocrx_word' id='word_1_225' title='bbox 24 2050 147 2082; x_wconf 82' lang='lat' dir='ltr'>thiae</span> <span class='ocrx_word' id='word_1_226' title='bbox 175 2047 237 2079; x_wconf 92' lang='lat' dir='ltr'>Gr.</span> <span class='ocrx_word' id='word_1_227' title='bbox 265 2047 294 2088; x_wconf 76' lang='lat'>§.</span> <span class='ocrx_word' id='word_1_228' title='bbox 314 2047 392 2081; x_wconf 80' lang='lat'>432.</span> <span class='ocrx_word' id='word_1_229' title='bbox 419 2048 452 2082; x_wconf 84' lang='lat'>5.</span> 
     </span>
    </p>

    <p class='ocr_par' dir='ltr' id='par_1_9' title="bbox 27 2090 662 2182">
     <span class='ocr_line' id='line_1_33' title="bbox 71 2090 662 2137; baseline -0.002 -10"><span class='ocrx_word' id='word_1_230' title='bbox 71 2094 142 2127; x_wconf 87' lang='grc' dir='ltr'>τὸν</span> <span class='ocrx_word' id='word_1_231' title='bbox 173 2092 240 2125; x_wconf 74' lang='grc' dir='ltr'>ἐπὶ</span> <span class='ocrx_word' id='word_1_232' title='bbox 276 2093 440 2136; x_wconf 82' lang='grc' dir='ltr'><em>Τροίαν</em></span> <span class='ocrx_word' id='word_1_233' title='bbox 480 2090 662 2137; x_wconf 71' lang='grc' dir='ltr'><em>ἀγαγόν-</em></span> 
     </span>
     <span class='ocr_line' id='line_1_34' title="bbox 27 2141 573 2182; baseline -0.002 -10"><span class='ocrx_word' id='word_1_234' title='bbox 27 2141 95 2182; x_wconf 81' lang='grc' dir='ltr'><em>τα]</em></span> <span class='ocrx_word' id='word_1_235' title='bbox 122 2141 230 2173; x_wconf 82' lang='lat' dir='ltr'>intell.</span> <span class='ocrx_word' id='word_1_236' title='bbox 259 2141 573 2180; x_wconf 74' lang='lat' dir='ltr'>Agamemnon,</span> 
     </span>
    </p>

    <p class='ocr_par' dir='ltr' id='par_1_10' title="bbox 27 2182 675 2779">
     <span class='ocr_line' id='line_1_35' title="bbox 71 2182 666 2229; baseline 0 -11"><span class='ocrx_word' id='word_1_237' title='bbox 71 2188 110 2220; x_wconf 83' lang='lat' dir='ltr'>C.</span> <span class='ocrx_word' id='word_1_238' title='bbox 165 2182 369 2226; x_wconf 73' lang='grc' dir='ltr'><em>ἢᾶλλους</em></span> <span class='ocrx_word' id='word_1_239' title='bbox 399 2189 580 2229; x_wconf 75' lang='grc' dir='ltr'><em>μυρίους</em></span> <span class='ocrx_word' id='word_1_240' title='bbox 617 2185 666 2218; x_wconf 79' lang='grc' dir='ltr'>ἅν</span> 
     </span>
     <span class='ocr_line' id='line_1_36' title="bbox 29 2231 666 2274; baseline 0.003 -11"><span class='ocrx_word' id='word_1_241' title='bbox 29 2241 90 2263; x_wconf 77' lang='grc' dir='ltr'>τις</span> <span class='ocrx_word' id='word_1_242' title='bbox 120 2231 263 2273; x_wconf 83' lang='grc' dir='ltr'><em>εἴποι]</em></span> <span class='ocrx_word' id='word_1_243' title='bbox 313 2231 452 2265; x_wconf 85' lang='lat' dir='ltr'>Frustra</span> <span class='ocrx_word' id='word_1_244' title='bbox 484 2232 666 2274; x_wconf 80' lang='lat' dir='ltr'>Stepha-</span> 
     </span>
     <span class='ocr_line' id='line_1_37' title="bbox 29 2276 666 2319; baseline 0 -9"><span class='ocrx_word' id='word_1_245' title='bbox 29 2288 106 2310; x_wconf 89' lang='lat' dir='ltr'>nus</span> <span class='ocrx_word' id='word_1_246' title='bbox 140 2277 241 2308; x_wconf 79' lang='lat' dir='ltr'>scribi</span> <span class='ocrx_word' id='word_1_247' title='bbox 274 2277 370 2309; x_wconf 90' lang='lat' dir='ltr'>iubet</span> <span class='ocrx_word' id='word_1_248' title='bbox 404 2277 422 2319; x_wconf 83' lang='grc' dir='ltr'>ἢ</span> <span class='ocrx_word' id='word_1_249' title='bbox 459 2276 582 2310; x_wconf 69' lang='grc' dir='ltr'><em>ἄλλους</em></span> <span class='ocrx_word' id='word_1_250' title='bbox 606 2291 666 2319; x_wconf 88' lang='grc' dir='ltr'>μυ-</span> 
     </span>
     <span class='ocr_line' id='line_1_38' title="bbox 29 2319 667 2366; baseline 0.005 -11"><span class='ocrx_word' id='word_1_251' title='bbox 29 2327 146 2366; x_wconf 77' lang='grc' dir='ltr'><em>ρίους,</em></span> <span class='ocrx_word' id='word_1_252' title='bbox 179 2320 242 2354; x_wconf 68' lang='lat'>01&#39;2&#39;5·</span> <span class='ocrx_word' id='word_1_253' title='bbox 267 2319 308 2353; x_wconf 80' lang='grc' dir='ltr'>ἄν</span> <span class='ocrx_word' id='word_1_254' title='bbox 335 2332 383 2354; x_wconf 74' lang='grc' dir='ltr'>τις</span> <span class='ocrx_word' id='word_1_255' title='bbox 407 2325 515 2362; x_wconf 77' lang='grc' dir='ltr'><em>εἴποι,</em></span> <span class='ocrx_word' id='word_1_256' title='bbox 548 2326 667 2357; x_wconf 87' lang='lat' dir='ltr'>imme-</span> 
     </span>
     <span class='ocr_line' id='line_1_39' title="bbox 27 2369 667 2412; baseline 0 -9"><span class='ocrx_word' id='word_1_257' title='bbox 27 2381 100 2403; x_wconf 85' lang='lat' dir='ltr'>mor</span> <span class='ocrx_word' id='word_1_258' title='bbox 129 2370 215 2402; x_wconf 89' lang='lat' dir='ltr'>illius</span> <span class='ocrx_word' id='word_1_259' title='bbox 255 2369 562 2410; x_wconf 79' lang='lat' dir='ltr'>breviloquentiae,</span> <span class='ocrx_word' id='word_1_260' title='bbox 602 2381 667 2412; x_wconf 80' lang='lat' dir='ltr'>qua</span> 
     </span>
     <span class='ocr_line' id='line_1_40' title="bbox 28 2415 667 2459; baseline 0 -11"><span class='ocrx_word' id='word_1_261' title='bbox 28 2418 142 2459; x_wconf 84' lang='lat' dir='ltr'>plures</span> <span class='ocrx_word' id='word_1_262' title='bbox 175 2415 362 2447; x_wconf 56' lang='lat' dir='ltr'>sententiae</span> <span class='ocrx_word' id='word_1_263' title='bbox 396 2415 427 2446; x_wconf 90' lang='lat' dir='ltr'>in</span> <span class='ocrx_word' id='word_1_264' title='bbox 462 2426 559 2448; x_wconf 83' lang='lat' dir='ltr'>nuum</span> <span class='ocrx_word' id='word_1_265' title='bbox 592 2428 667 2448; x_wconf 84' lang='lat' dir='ltr'>ora-</span> 
     </span>
     <span class='ocr_line' id='line_1_41' title="bbox 30 2461 667 2496; baseline 0.003 -2"><span class='ocrx_word' id='word_1_266' title='bbox 30 2463 134 2495; x_wconf 87' lang='lat' dir='ltr'>tionis</span> <span class='ocrx_word' id='word_1_267' title='bbox 175 2461 366 2493; x_wconf 83' lang='lat' dir='ltr'>membrum</span> <span class='ocrx_word' id='word_1_268' title='bbox 407 2462 667 2496; x_wconf 85' lang='lat' dir='ltr'>concluduntur.</span> 
     </span>
     <span class='ocr_line' id='line_1_42' title="bbox 31 2507 669 2548; baseline -0.002 -7"><span class='ocrx_word' id='word_1_269' title='bbox 31 2509 194 2548; x_wconf 82' lang='lat' dir='ltr'>Exempla</span> <span class='ocrx_word' id='word_1_270' title='bbox 233 2507 326 2538; x_wconf 77' lang='lat' dir='ltr'>liuius</span> <span class='ocrx_word' id='word_1_271' title='bbox 366 2508 500 2546; x_wconf 64' lang='lat' dir='ltr'>generis</span> <span class='ocrx_word' id='word_1_272' title='bbox 533 2509 669 2548; x_wconf 66' lang='lat' dir='ltr'>collegit</span> 
     </span>
     <span class='ocr_line' id='line_1_43' title="bbox 30 2553 667 2610; baseline -0.002 -24"><span class='ocrx_word' id='word_1_273' title='bbox 30 2554 254 2587; x_wconf 87' lang='lat' dir='ltr'>Heusdius</span> <span class='ocrx_word' id='word_1_274' title='bbox 280 2553 426 2595; x_wconf 88' lang='lat' dir='ltr'>Specim.</span> <span class='ocrx_word' id='word_1_275' title='bbox 454 2555 526 2585; x_wconf 86' lang='lat' dir='ltr'>crit.</span> <span class='ocrx_word' id='word_1_276' title='bbox 555 2565 585 2610; x_wconf 89' lang='grc' dir='ltr'>ρ</span> <span class='ocrx_word' id='word_1_277' title='bbox 614 2554 667 2588; x_wconf 85' lang='grc'>13,</span> 
     </span>
     <span class='ocr_line' id='line_1_44' title="bbox 31 2597 670 2643; baseline -0.002 -11"><span class='ocrx_word' id='word_1_278' title='bbox 31 2600 138 2643; x_wconf 85' lang='lat' dir='ltr'>Gorg</span> <span class='ocrx_word' id='word_1_279' title='bbox 167 2611 198 2642; x_wconf 88' lang='lat' dir='ltr'>p.</span> <span class='ocrx_word' id='word_1_280' title='bbox 224 2598 303 2633; x_wconf 85' lang='lat'>403.</span> <span class='ocrx_word' id='word_1_281' title='bbox 327 2599 375 2630; x_wconf 93' lang='lat' dir='ltr'>D.</span> <span class='ocrx_word' id='word_1_282' title='bbox 409 2597 478 2630; x_wconf 82' lang='grc' dir='ltr'><em>ἐπεὶ</em></span> <span class='ocrx_word' id='word_1_283' title='bbox 510 2601 596 2642; x_wconf 84' lang='grc' dir='ltr'><em>ποίῳ</em></span> <span class='ocrx_word' id='word_1_284' title='bbox 623 2598 670 2631; x_wconf 84' lang='grc' dir='ltr'><em>δι-</em></span> 
     </span>
     <span class='ocr_line' id='line_1_45' title="bbox 33 2643 673 2699; baseline 0 -22"><span class='ocrx_word' id='word_1_285' title='bbox 33 2649 116 2689; x_wconf 84' lang='grc' dir='ltr'><em>καίῳ</em></span> <span class='ocrx_word' id='word_1_286' title='bbox 148 2643 319 2699; x_wconf 68' lang='grc' dir='ltr'><em>χριόμενος</em></span> <span class='ocrx_word' id='word_1_287' title='bbox 357 2644 487 2686; x_wconf 77' lang='grc' dir='ltr'><em>Ξέρξης</em></span> <span class='ocrx_word' id='word_1_288' title='bbox 527 2645 582 2677; x_wconf 69' lang='grc' dir='ltr'>ἐπὶ</span> <span class='ocrx_word' id='word_1_289' title='bbox 614 2644 673 2688; x_wconf 87' lang='grc' dir='ltr'>τὴν</span> 
     </span>
     <span class='ocr_line' id='line_1_46' title="bbox 30 2680 672 2735; baseline 0 -11"><span class='ocrx_word' id='word_1_290' title='bbox 30 2680 168 2725; x_wconf 68' lang='grc' dir='ltr'><em>Ἐλλάδα</em></span> <span class='ocrx_word' id='word_1_291' title='bbox 193 2688 430 2733; x_wconf 68' lang='grc' dir='ltr'><em>ἐστράτεισενς</em></span> <span class='ocrx_word' id='word_1_292' title='bbox 467 2689 485 2732; x_wconf 83' lang='grc' dir='ltr'>ἢ</span> <span class='ocrx_word' id='word_1_293' title='bbox 513 2689 532 2723; x_wconf 85' lang='grc' dir='ltr'><em>ὁ</em></span> <span class='ocrx_word' id='word_1_294' title='bbox 566 2691 672 2735; x_wconf 82' lang='grc' dir='ltr'><em>πατὴρ</em></span> 
     </span>
     <span class='ocr_line' id='line_1_47' title="bbox 33 2734 675 2779; baseline 0.005 -10"><span class='ocrx_word' id='word_1_295' title='bbox 33 2734 143 2770; x_wconf 80' lang='grc' dir='ltr'><em>αὐτοῦ</em></span> <span class='ocrx_word' id='word_1_296' title='bbox 165 2737 219 2772; x_wconf 80' lang='grc' dir='ltr'>ἐπὶ</span> <span class='ocrx_word' id='word_1_297' title='bbox 244 2735 325 2770; x_wconf 72' lang='grc' dir='ltr'>τούς</span> <span class='ocrx_word' id='word_1_298' title='bbox 351 2734 513 2778; x_wconf 56' lang='lat' dir='ltr'>&gt;summ</span> <span class='ocrx_word' id='word_1_299' title='bbox 545 2737 569 2779; x_wconf 85' lang='grc' dir='ltr'>ἠ“</span> <span class='ocrx_word' id='word_1_300' title='bbox 595 2737 675 2772; x_wconf 70' lang='grc' dir='ltr'>ἅλλα</span> 
     </span>
    </p>
   </div>
   <div class='ocr_carea' id='block_1_7' title="bbox 731 1539 1379 2783">
    <p class='ocr_par' dir='ltr' id='par_1_11' title="bbox 731 1539 1379 2783">
     <span class='ocr_line' id='line_1_48' title="bbox 731 1539 1376 1583; baseline -0.003 -11"><span class='ocrx_word' id='word_1_301' title='bbox 731 1543 834 1583; x_wconf 82' lang='grc' dir='ltr'><em>μυρία</em></span> <span class='ocrx_word' id='word_1_302' title='bbox 859 1540 901 1574; x_wconf 79' lang='grc' dir='ltr'>ἄν</span> <span class='ocrx_word' id='word_1_303' title='bbox 927 1551 975 1573; x_wconf 77' lang='grc' dir='ltr'>τις</span> <span class='ocrx_word' id='word_1_304' title='bbox 999 1542 1068 1583; x_wconf 78' lang='grc' dir='ltr'><em>ἔχοι</em></span> <span class='ocrx_word' id='word_1_305' title='bbox 1094 1541 1232 1572; x_wconf 82' lang='grc' dir='ltr'><em>τοιαῦτα</em></span> <span class='ocrx_word' id='word_1_306' title='bbox 1259 1539 1376 1582; x_wconf 73' lang='grc' dir='ltr'><em>λέγειν.</em></span> 
     </span>
     <span class='ocr_line' id='line_1_49' title="bbox 733 1583 1376 1630; baseline -0.005 -11"><span class='ocrx_word' id='word_1_307' title='bbox 733 1587 861 1621; x_wconf 76' lang='lat' dir='ltr'>Phaed.</span> <span class='ocrx_word' id='word_1_308' title='bbox 887 1600 919 1630; x_wconf 87' lang='lat' dir='ltr'>p.</span> <span class='ocrx_word' id='word_1_309' title='bbox 945 1588 1000 1622; x_wconf 82' lang='lat'>94.</span> <span class='ocrx_word' id='word_1_310' title='bbox 1031 1589 1067 1620; x_wconf 85' lang='grc' dir='ltr'>Β.</span> <span class='ocrx_word' id='word_1_311' title='bbox 1094 1587 1178 1630; x_wconf 74' lang='grc' dir='ltr'><em>λέγω</em></span> <span class='ocrx_word' id='word_1_312' title='bbox 1198 1585 1234 1618; x_wconf 80' lang='grc' dir='ltr'>δὲ</span> <span class='ocrx_word' id='word_1_313' title='bbox 1252 1583 1289 1618; x_wconf 82' lang='grc' dir='ltr'>τὸ</span> <span class='ocrx_word' id='word_1_314' title='bbox 1309 1597 1376 1617; x_wconf 74' lang='grc' dir='ltr'><em>τοι·</em></span> 
     </span>
     <span class='ocr_line' id='line_1_50' title="bbox 733 1630 1378 1674; baseline -0.005 -8"><span class='ocrx_word' id='word_1_315' title='bbox 733 1632 822 1671; x_wconf 76' lang='grc' dir='ltr'><em>όνδε,</em></span> <span class='ocrx_word' id='word_1_316' title='bbox 849 1631 896 1666; x_wconf 69' lang='grc' dir='ltr'>ὥς</span> <span class='ocrx_word' id='word_1_317' title='bbox 919 1635 952 1666; x_wconf 83' lang='grc' dir='ltr'>εἰ</span> <span class='ocrx_word' id='word_1_318' title='bbox 974 1633 1146 1674; x_wconf 77' lang='grc' dir='ltr'><em>καύματος</em></span> <span class='ocrx_word' id='word_1_319' title='bbox 1165 1630 1307 1665; x_wconf 63' lang='grc' dir='ltr'><em>ἐνόντοε·</em></span> <span class='ocrx_word' id='word_1_320' title='bbox 1324 1633 1378 1663; x_wconf 77' lang='grc' dir='ltr'>καὶ</span> 
     </span>
     <span class='ocr_line' id='line_1_51' title="bbox 734 1677 1377 1721; baseline -0.005 -9"><span class='ocrx_word' id='word_1_321' title='bbox 734 1679 858 1720; x_wconf 76' lang='grc' dir='ltr'><em>δίψους</em></span> <span class='ocrx_word' id='word_1_322' title='bbox 883 1680 935 1712; x_wconf 80' lang='grc' dir='ltr'>ἐπὶ</span> <span class='ocrx_word' id='word_1_323' title='bbox 963 1678 1166 1712; x_wconf 72' lang='grc' dir='ltr'><em>τούναντίον</em></span> <span class='ocrx_word' id='word_1_324' title='bbox 1184 1680 1302 1721; x_wconf 67' lang='grc' dir='ltr'><em>ἕλκειν</em></span> <span class='ocrx_word' id='word_1_325' title='bbox 1324 1677 1377 1710; x_wconf 80' lang='grc' dir='ltr'>ἐπὶ</span> 
     </span>
     <span class='ocr_line' id='line_1_52' title="bbox 736 1724 1376 1768; baseline -0.005 -10"><span class='ocrx_word' id='word_1_326' title='bbox 736 1724 771 1758; x_wconf 83' lang='grc' dir='ltr'>τὸ</span> <span class='ocrx_word' id='word_1_327' title='bbox 798 1725 842 1768; x_wconf 81' lang='grc' dir='ltr'>μὴ</span> <span class='ocrx_word' id='word_1_328' title='bbox 876 1728 999 1759; x_wconf 80' lang='grc' dir='ltr'><em>πίνειν·</em></span> <span class='ocrx_word' id='word_1_329' title='bbox 1037 1727 1090 1758; x_wconf 83' lang='grc' dir='ltr'>καὶ</span> <span class='ocrx_word' id='word_1_330' title='bbox 1128 1727 1245 1767; x_wconf 74' lang='grc' dir='ltr'><em>πειίης</em></span> <span class='ocrx_word' id='word_1_331' title='bbox 1276 1724 1376 1756; x_wconf 77' lang='grc' dir='ltr'><em>ἐνού-</em></span> 
     </span>
     <span class='ocr_line' id='line_1_53' title="bbox 737 1768 1379 1814; baseline -0.005 -10"><span class='ocrx_word' id='word_1_332' title='bbox 737 1782 799 1814; x_wconf 72' lang='grc' dir='ltr'>σης</span> <span class='ocrx_word' id='word_1_333' title='bbox 827 1771 879 1804; x_wconf 75' lang='grc' dir='ltr'>ἐπὶ</span> <span class='ocrx_word' id='word_1_334' title='bbox 906 1771 942 1804; x_wconf 79' lang='grc' dir='ltr'>τὸ</span> <span class='ocrx_word' id='word_1_335' title='bbox 968 1770 1012 1814; x_wconf 88' lang='grc' dir='ltr'>μὴ</span> <span class='ocrx_word' id='word_1_336' title='bbox 1040 1771 1190 1804; x_wconf 48' lang='lat' dir='ltr'>&amp;affinem</span> <span class='ocrx_word' id='word_1_337' title='bbox 1219 1772 1272 1803; x_wconf 79' lang='grc' dir='ltr'>καὶ</span> <span class='ocrx_word' id='word_1_338' title='bbox 1300 1768 1379 1802; x_wconf 71' lang='grc' dir='ltr'>ἄλλα</span> 
     </span>
     <span class='ocr_line' id='line_1_54' title="bbox 736 1815 1378 1860; baseline -0.002 -11"><span class='ocrx_word' id='word_1_339' title='bbox 736 1821 839 1860; x_wconf 79' lang='grc' dir='ltr'><em>μυρία</em></span> <span class='ocrx_word' id='word_1_340' title='bbox 880 1830 948 1850; x_wconf 87' lang='grc' dir='ltr'>που</span> <span class='ocrx_word' id='word_1_341' title='bbox 993 1815 1125 1860; x_wconf 63' lang='grc' dir='ltr'><em>ὁρῶμεν</em></span> <span class='ocrx_word' id='word_1_342' title='bbox 1166 1815 1378 1857; x_wconf 68' lang='grc' dir='ltr'><em>ἐιαπτιουμέ-</em></span> 
     </span>
     <span class='ocr_line' id='line_1_55' title="bbox 736 1862 1379 1907; baseline -0.002 -12"><span class='ocrx_word' id='word_1_343' title='bbox 736 1877 798 1907; x_wconf 67' lang='grc' dir='ltr'><em>την</em></span> <span class='ocrx_word' id='word_1_344' title='bbox 825 1863 883 1906; x_wconf 51' lang='grc' dir='ltr'><em>τὴν</em></span> <span class='ocrx_word' id='word_1_345' title='bbox 898 1863 1010 1907; x_wconf 80' lang='grc' dir='ltr'><em>ψυχὴν</em></span> <span class='ocrx_word' id='word_1_346' title='bbox 1028 1870 1097 1897; x_wconf 73' lang='grc' dir='ltr'><em>τοῖς</em></span> <span class='ocrx_word' id='word_1_347' title='bbox 1114 1863 1194 1897; x_wconf 82' lang='grc' dir='ltr'><em>κατὰ</em></span> <span class='ocrx_word' id='word_1_348' title='bbox 1213 1862 1248 1896; x_wconf 83' lang='grc' dir='ltr'>τὸ</span> <span class='ocrx_word' id='word_1_349' title='bbox 1274 1864 1379 1902; x_wconf 78' lang='grc' dir='ltr'><em>σῶμα.</em></span> 
     </span>
     <span class='ocr_line' id='line_1_56' title="bbox 736 1910 1379 1954; baseline -0.003 -11"><span class='ocrx_word' id='word_1_350' title='bbox 736 1911 888 1952; x_wconf 79' lang='lat' dir='ltr'>Sopliist.</span> <span class='ocrx_word' id='word_1_351' title='bbox 922 1924 953 1954; x_wconf 89' lang='lat' dir='ltr'>p.</span> <span class='ocrx_word' id='word_1_352' title='bbox 985 1912 1062 1946; x_wconf 77' lang='lat'>226.</span> <span class='ocrx_word' id='word_1_353' title='bbox 1095 1912 1135 1945; x_wconf 90' lang='lat' dir='ltr'>B</span> <span class='ocrx_word' id='word_1_354' title='bbox 1170 1912 1277 1953; x_wconf 71' lang='lat' dir='ltr'>Leug.</span> <span class='ocrx_word' id='word_1_355' title='bbox 1302 1910 1379 1944; x_wconf 86' lang='lat' dir='ltr'>Xll.</span> 
     </span>
     <span class='ocr_line' id='line_1_57' title="bbox 760 1956 1378 1992; baseline 0.002 -3.056"><span class='ocrx_word' id='word_1_356' title='bbox 760 1958 869 1992; x_wconf 70' lang='lat'>944.</span> <span class='ocrx_word' id='word_1_357' title='bbox 893 1961 931 1990; x_wconf 85' lang='grc' dir='ltr'>Α.</span> <span class='ocrx_word' id='word_1_358' title='bbox 949 1957 1175 1991; x_wconf 84' lang='lat' dir='ltr'>Demostb</span> <span class='ocrx_word' id='word_1_359' title='bbox 1198 1956 1280 1990; x_wconf 83' lang='lat' dir='ltr'>Mid.</span> <span class='ocrx_word' id='word_1_360' title='bbox 1301 1966 1330 1987; x_wconf 79' lang='lat' dir='ltr'>c,</span> <span class='ocrx_word' id='word_1_361' title='bbox 1347 1956 1378 1990; x_wconf 84' lang='lat'><strong>7</strong></span> 
     </span>
     <span class='ocr_line' id='line_1_58' title="bbox 736 1969 1378 2045; baseline -0.002 -10.922"><span class='ocrx_word' id='word_1_362' title='bbox 736 1969 1001 2045; x_wconf 66' lang='grc' dir='ltr'><em>Ράμήχανον</em></span> <span class='ocrx_word' id='word_1_363' title='bbox 1042 2001 1091 2036; x_wconf 78' lang='grc' dir='ltr'>ἂν</span> <span class='ocrx_word' id='word_1_364' title='bbox 1130 2005 1197 2045; x_wconf 79' lang='grc' dir='ltr'>εἴη</span> <span class='ocrx_word' id='word_1_365' title='bbox 1238 1998 1378 2034; x_wconf 73' lang='grc' dir='ltr'><em>ευδαι-</em></span> 
     </span>
     <span class='ocr_line' id='line_1_59' title="bbox 733 2050 1378 2092; baseline -0.002 -11"><span class='ocrx_word' id='word_1_366' title='bbox 733 2062 811 2090; x_wconf 71' lang='grc' dir='ltr'><em>μοι</em></span> <span class='ocrx_word' id='word_1_367' title='bbox 821 2051 909 2092; x_wconf 70' lang='lat' dir='ltr'>tas]</span> <span class='ocrx_word' id='word_1_368' title='bbox 951 2051 1114 2083; x_wconf 84' lang='lat' dir='ltr'>Similiter</span> <span class='ocrx_word' id='word_1_369' title='bbox 1135 2050 1322 2082; x_wconf 76' lang='lat' dir='ltr'>Theaetet.</span> <span class='ocrx_word' id='word_1_370' title='bbox 1345 2060 1378 2090; x_wconf 87' lang='lat' dir='ltr'>p.</span> 
     </span>
     <span class='ocr_line' id='line_1_60' title="bbox 734 2093 1378 2140; baseline -0.011 -8"><span class='ocrx_word' id='word_1_371' title='bbox 734 2097 811 2132; x_wconf 82' lang='lat'>175.</span> <span class='ocrx_word' id='word_1_372' title='bbox 849 2099 887 2130; x_wconf 91' lang='grc' dir='ltr'>Α.</span> <span class='ocrx_word' id='word_1_373' title='bbox 918 2094 1027 2128; x_wconf 74' lang='grc' dir='ltr'><em>ἄτοπα</em></span> <span class='ocrx_word' id='word_1_374' title='bbox 1053 2093 1146 2140; x_wconf 76' lang='grc' dir='ltr'><em>αὐτῳ</em></span> <span class='ocrx_word' id='word_1_375' title='bbox 1176 2096 1378 2135; x_wconf 79' lang='grc' dir='ltr'><em>καταφαίνε-</em></span> 
     </span>
     <span class='ocr_line' id='line_1_61' title="bbox 736 2141 1378 2185; baseline -0.005 -10"><span class='ocrx_word' id='word_1_376' title='bbox 736 2155 786 2175; x_wconf 84' lang='grc' dir='ltr'>ται</span> <span class='ocrx_word' id='word_1_377' title='bbox 801 2143 859 2185; x_wconf 72' lang='grc' dir='ltr'><em>τῆς</em></span> <span class='ocrx_word' id='word_1_378' title='bbox 881 2144 1108 2185; x_wconf 65' lang='grc' dir='ltr'><em>μικρολογίας,</em></span> <span class='ocrx_word' id='word_1_379' title='bbox 1135 2143 1229 2184; x_wconf 84' lang='lat' dir='ltr'>quod</span> <span class='ocrx_word' id='word_1_380' title='bbox 1252 2141 1378 2173; x_wconf 85' lang='lat' dir='ltr'>Hein-</span> 
     </span>
     <span class='ocr_line' id='line_1_62' title="bbox 736 2190 1376 2231; baseline -0.002 -9"><span class='ocrx_word' id='word_1_381' title='bbox 736 2190 906 2222; x_wconf 72' lang='lat' dir='ltr'>doz-sius</span> <span class='ocrx_word' id='word_1_382' title='bbox 932 2194 1107 2231; x_wconf 83' lang='lat' dir='ltr'>comparat</span> <span class='ocrx_word' id='word_1_383' title='bbox 1134 2199 1207 2220; x_wconf 90' lang='lat' dir='ltr'>cum</span> <span class='ocrx_word' id='word_1_384' title='bbox 1238 2191 1376 2221; x_wconf 79' lang='lat' dir='ltr'>nostro:</span> 
     </span>
     <span class='ocr_line' id='line_1_63' title="bbox 737 2234 1376 2277; baseline -0.006 -9"><span class='ocrx_word' id='word_1_385' title='bbox 737 2241 870 2268; x_wconf 84' lang='lat' dir='ltr'>etwas</span> <span class='ocrx_word' id='word_1_386' title='bbox 942 2234 1226 2277; x_wconf 78' lang='lat' dir='ltr'>Ungelieures</span> <span class='ocrx_word' id='word_1_387' title='bbox 1296 2243 1376 2265; x_wconf 82' lang='lat' dir='ltr'>von</span> 
     </span>
     <span class='ocr_line' id='line_1_64' title="bbox 736 2279 1375 2321; baseline -0.005 -7"><span class='ocrx_word' id='word_1_388' title='bbox 736 2281 1000 2314; x_wconf 79' lang='lat' dir='ltr'>Dummheit.</span> <span class='ocrx_word' id='word_1_389' title='bbox 1041 2281 1147 2321; x_wconf 75' lang='lat' dir='ltr'>Legg.</span> <span class='ocrx_word' id='word_1_390' title='bbox 1171 2282 1214 2312; x_wconf 86' lang='lat' dir='ltr'>X.</span> <span class='ocrx_word' id='word_1_391' title='bbox 1240 2290 1272 2321; x_wconf 87' lang='lat' dir='ltr'>p.</span> <span class='ocrx_word' id='word_1_392' title='bbox 1296 2279 1375 2314; x_wconf 80' lang='lat'>904.</span> 
     </span>
     <span class='ocr_line' id='line_1_65' title="bbox 737 2324 1376 2369; baseline -0.008 -8"><span class='ocrx_word' id='word_1_393' title='bbox 737 2327 858 2369; x_wconf 76' lang='grc' dir='ltr'><em>ἄπειρα</em></span> <span class='ocrx_word' id='word_1_394' title='bbox 886 2327 944 2369; x_wconf 77' lang='grc' dir='ltr'><em>τῆς</em></span> <span class='ocrx_word' id='word_1_395' title='bbox 968 2325 1226 2367; x_wconf 72' lang='grc' dir='ltr'><em>μετατιθεμένης</em></span> <span class='ocrx_word' id='word_1_396' title='bbox 1250 2324 1376 2368; x_wconf 86' lang='grc' dir='ltr'><em>κοσμή-</em></span> 
     </span>
     <span class='ocr_line' id='line_1_66' title="bbox 739 2371 1377 2414; baseline -0.005 -7"><span class='ocrx_word' id='word_1_397' title='bbox 739 2383 835 2407; x_wconf 80' lang='grc' dir='ltr'><em>σεως.</em></span> <span class='ocrx_word' id='word_1_398' title='bbox 860 2373 912 2407; x_wconf 88' lang='lat' dir='ltr'>Cf.</span> <span class='ocrx_word' id='word_1_399' title='bbox 931 2374 959 2405; x_wconf 83' lang='lat' dir='ltr'>E</span> <span class='ocrx_word' id='word_1_400' title='bbox 972 2372 1033 2404; x_wconf 84' lang='lat' dir='ltr'>rfu</span> <span class='ocrx_word' id='word_1_401' title='bbox 1047 2383 1060 2404; x_wconf 88' lang='lat' dir='ltr'>r</span> <span class='ocrx_word' id='word_1_402' title='bbox 1073 2372 1091 2402; x_wconf 88' lang='lat' dir='ltr'>d</span> <span class='ocrx_word' id='word_1_403' title='bbox 1107 2377 1130 2404; x_wconf 87' lang='lat' dir='ltr'>t.</span> <span class='ocrx_word' id='word_1_404' title='bbox 1158 2372 1199 2404; x_wconf 85' lang='lat' dir='ltr'>ad</span> <span class='ocrx_word' id='word_1_405' title='bbox 1216 2371 1377 2414; x_wconf 86' lang='lat' dir='ltr'>Sophocl.</span> 
     </span>
     <span class='ocr_line' id='line_1_67' title="bbox 741 2417 1377 2462; baseline -0.006 -9"><span class='ocrx_word' id='word_1_406' title='bbox 741 2421 898 2462; x_wconf 81' lang='lat' dir='ltr'>Antigon.</span> <span class='ocrx_word' id='word_1_407' title='bbox 941 2430 972 2451; x_wconf 90' lang='lat' dir='ltr'>v.</span> <span class='ocrx_word' id='word_1_408' title='bbox 1013 2417 1113 2452; x_wconf 80' lang='lat'>1194.</span> <span class='ocrx_word' id='word_1_409' title='bbox 1155 2419 1303 2450; x_wconf 76' lang='lat' dir='ltr'>Astius</span> <span class='ocrx_word' id='word_1_410' title='bbox 1336 2417 1377 2450; x_wconf 85' lang='lat' dir='ltr'>ad</span> 
     </span>
     <span class='ocr_line' id='line_1_68' title="bbox 741 2463 1376 2507; baseline -0.006 -8"><span class='ocrx_word' id='word_1_411' title='bbox 741 2466 904 2499; x_wconf 85' lang='lat' dir='ltr'>Politiarn</span> <span class='ocrx_word' id='word_1_412' title='bbox 938 2476 966 2507; x_wconf 83' lang='lat' dir='ltr'>p.</span> <span class='ocrx_word' id='word_1_413' title='bbox 1005 2464 1083 2498; x_wconf 78' lang='lat'>327.</span> <span class='ocrx_word' id='word_1_414' title='bbox 1115 2465 1145 2496; x_wconf 87' lang='lat' dir='ltr'>iu</span> <span class='ocrx_word' id='word_1_415' title='bbox 1182 2463 1230 2495; x_wconf 83' lang='lat' dir='ltr'>his</span> <span class='ocrx_word' id='word_1_416' title='bbox 1256 2465 1376 2505; x_wconf 80' lang='lat' dir='ltr'>geniti-</span> 
     </span>
     <span class='ocr_line' id='line_1_69' title="bbox 740 2510 1378 2554; baseline -0.003 -10"><span class='ocrx_word' id='word_1_417' title='bbox 740 2523 815 2544; x_wconf 91' lang='lat' dir='ltr'>vum</span> <span class='ocrx_word' id='word_1_418' title='bbox 845 2515 941 2554; x_wconf 88' lang='lat' dir='ltr'>putat</span> <span class='ocrx_word' id='word_1_419' title='bbox 959 2511 1114 2543; x_wconf 84' lang='lat' dir='ltr'>absolute</span> <span class='ocrx_word' id='word_1_420' title='bbox 1130 2510 1275 2553; x_wconf 86' lang='lat' dir='ltr'>positum</span> <span class='ocrx_word' id='word_1_421' title='bbox 1302 2521 1378 2542; x_wconf 83' lang='lat' dir='ltr'>esse</span> 
     </span>
     <span class='ocr_line' id='line_1_70' title="bbox 740 2558 1377 2597; baseline -0.005 -7"><span class='ocrx_word' id='word_1_422' title='bbox 740 2559 781 2591; x_wconf 87' lang='lat' dir='ltr'>ad</span> <span class='ocrx_word' id='word_1_423' title='bbox 817 2558 1029 2589; x_wconf 81' lang='lat' dir='ltr'>indicandam</span> <span class='ocrx_word' id='word_1_424' title='bbox 1058 2558 1243 2596; x_wconf 79' lang='lat' dir='ltr'>rationem,</span> <span class='ocrx_word' id='word_1_425' title='bbox 1276 2566 1377 2597; x_wconf 84' lang='lat' dir='ltr'>quam</span> 
     </span>
     <span class='ocr_line' id='line_1_71' title="bbox 741 2602 1378 2642; baseline 0 -7"><span class='ocrx_word' id='word_1_426' title='bbox 741 2614 861 2636; x_wconf 80' lang='lat' dir='ltr'>nomen</span> <span class='ocrx_word' id='word_1_427' title='bbox 907 2602 1154 2635; x_wconf 74' lang='lat' dir='ltr'>substantivum</span> <span class='ocrx_word' id='word_1_428' title='bbox 1200 2603 1378 2642; x_wconf 83' lang='lat' dir='ltr'>significet.</span> 
     </span>
     <span class='ocr_line' id='line_1_72' title="bbox 740 2647 1379 2691; baseline -0.003 -8"><span class='ocrx_word' id='word_1_429' title='bbox 740 2651 858 2691; x_wconf 81' lang='lat' dir='ltr'>ltaque</span> <span class='ocrx_word' id='word_1_430' title='bbox 884 2649 972 2681; x_wconf 68' lang='lat' dir='ltr'>hunc</span> <span class='ocrx_word' id='word_1_431' title='bbox 998 2650 1105 2681; x_wconf 87' lang='lat' dir='ltr'>locum</span> <span class='ocrx_word' id='word_1_432' title='bbox 1139 2649 1186 2680; x_wconf 89' lang='lat' dir='ltr'>sic</span> <span class='ocrx_word' id='word_1_433' title='bbox 1211 2647 1379 2691; x_wconf 61' lang='lat' dir='ltr'>interpre-</span> 
     </span>
     <span class='ocr_line' id='line_1_73' title="bbox 741 2693 1379 2728; baseline -0.002 0"><span class='ocrx_word' id='word_1_434' title='bbox 741 2700 849 2728; x_wconf 82' lang='lat' dir='ltr'>tatur:</span> <span class='ocrx_word' id='word_1_435' title='bbox 875 2695 1127 2727; x_wconf 82' lang='lat' dir='ltr'>immensum</span> <span class='ocrx_word' id='word_1_436' title='bbox 1155 2693 1235 2726; x_wconf 81' lang='lat' dir='ltr'>boc</span> <span class='ocrx_word' id='word_1_437' title='bbox 1260 2699 1379 2728; x_wconf 80' lang='lat' dir='ltr'>esset</span> 
     </span>
     <span class='ocr_line' id='line_1_74' title="bbox 742 2740 1222 2783; baseline -0.006 -9"><span class='ocrx_word' id='word_1_438' title='bbox 742 2745 947 2783; x_wconf 85' lang='lat' dir='ltr'>respectu</span> <span class='ocrx_word' id='word_1_439' title='bbox 972 2740 1222 2773; x_wconf 80' lang='lat' dir='ltr'>felicitatis,</span> 
     </span>
    </p>
   </div>
  </div>
 </body>
</html>
