1644 3039
175 205 493 249 PLATONIS
526 204 912 248 APOLOGIAM
944 203 1266 248 SOCRATIS.
1350 205 1402 245 25

54 319 247 363 Socratis
286 318 507 361 verissime
549 334 642 360 esse
681 334 931 373 expressam
972 333 996 358 a
1027 316 1301 359 Cicerone
1332 316 1402 358 De

53 374 200 417 Divin.
241 375 276 416 I.
316 377 383 417 54.
425 375 491 418 his
532 375 698 418 verbis:
758 375 876 417 Hoc
918 375 1171 416 nimirum
1214 380 1300 415 est
1343 373 1402 414 il-

51 431 165 486 lud,
210 431 354 486 quod
395 431 457 473 de
503 433 734 475 Socrate
765 432 1106 486 accepimus,
1139 430 1402 485 quodque

51 490 114 532 ab
156 490 276 545 ipso
318 489 370 530 in
412 488 574 531 libris
618 488 1042 531 Socraticorum
1074 502 1238 543 saepe
1270 486 1402 529 dici-

50 552 163 597 tur,
196 562 307 587 esse
336 548 568 587 divinum
601 548 862 601 quiddam,
895 544 1043 600 quod
1075 544 1403 586 daemonion

50 602 333 658 appellat,
373 602 459 644 cui
498 618 714 659 semper
758 603 880 658 ipse
932 602 1214 658 paruerit,
1264 616 1402 642 num-

52 675 211 714 quam
250 656 581 715 impellenti,
631 674 803 715 saepe
843 659 1157 700 revocanti.
1228 658 1402 699 Etenim

49 716 260 758 intellexit
288 716 358 757 ille
390 716 625 758 δαιμόνιον
656 716 810 758 mentis
837 715 1144 757 divinationem
1167 714 1400 769 quandam,

50 787 136 827 qua
175 773 218 814 in
258 773 385 815 rebus
425 773 619 815 obscuris
661 780 704 814 et
743 773 918 815 incertis
959 770 1101 814 acrius
1142 772 1320 814 sentiret
1361 778 1404 812 et

48 837 267 884 tamquam
304 829 510 872 divinitus
558 830 853 886 praesagiret,
910 828 1014 885 quid
1052 828 1298 870 faciendum
1335 829 1402 869 fu-

47 885 308 942 giendumve
338 893 475 940 esset,
507 893 556 928 ut
586 887 687 929 inde
719 887 843 941 quasi
872 887 1117 928 futurorum
1148 893 1402 927 eventorum

49 943 230 999 auguria
278 950 465 999 caperet.
514 960 554 985 v.
603 943 858 998 Xenoph.
900 943 1034 984 Mem.
1076 943 1111 984 Ι.
1157 945 1192 984 1.
1237 943 1262 983 2
1303 957 1399 996 sqq.

47 999 204 1054 Itaque
232 999 364 1042 habet
402 999 509 1042 illud
536 1001 734 1056 profecto
769 1001 1073 1056 cognationem
1103 998 1320 1054 quandam
1352 1013 1402 1040 ac

47 1055 370 1099 similitudinem
400 1072 498 1099 cum
530 1062 639 1110 θείᾳ
669 1063 808 1111 μοίρᾳ
837 1057 1053 1110 Platonis,
1086 1071 1216 1110 quam
1248 1055 1318 1096 hic
1347 1056 1401 1097 iis

47 1113 259 1167 attribuit,
293 1114 369 1169 qui
401 1114 607 1171 singulari
633 1114 819 1169 quadam
849 1114 1014 1171 ingenii
1044 1112 1250 1155 felicitate
1283 1112 1403 1154 ducti

45 1170 90 1211 in
129 1171 322 1212 consiliis
361 1171 452 1213 suis
483 1172 704 1227 capiendis
735 1179 863 1227 atque
905 1169 1195 1224 exsequendis
1237 1176 1403 1211 rectum

47 1242 282 1282 verumque
322 1235 677 1282 assequerentur3
718 1245 758 1271 v.
800 1227 855 1269 ad
895 1227 1118 1269 Phaedon.
1159 1244 1200 1282 p.
1240 1228 1306 1268 85.
1350 1224 1400 1268 C.

47 1282 114 1324 ed.
147 1285 187 1326 3.
249 1283 380 1337 Quod
425 1284 601 1339 quidem
630 1292 754 1326 tanto
785 1284 1057 1326 verisimilius
1087 1284 1148 1324 ita
1179 1284 1400 1336 statueris,

47 1339 165 1395 quod
204 1356 257 1382 ex
296 1341 534 1383 Memorab.
576 1342 781 1398 Xenoph.
820 1342 900 1383 IV.
933 1343 981 1394 3,
1019 1342 1068 1382 12
1101 1365 1155 1370 —
1188 1343 1253 1382 14.
1293 1341 1401 1382 satis

45 1403 164 1438 certo
194 1397 472 1453 intelligitur,
515 1397 740 1440 Socratem
780 1399 865 1440 tale
898 1397 1172 1440 daemonium
1203 1413 1290 1438 non
1320 1397 1403 1439 sibi

44 1453 126 1495 soli
156 1453 431 1508 vindicasse,
464 1455 543 1496 sed
574 1456 667 1497 aliis
701 1471 873 1511 quoque
903 1455 1122 1497 tribuisse.
1184 1453 1402 1506 Quoniam

44 1516 188 1552 autem
216 1511 302 1553 ista
330 1512 592 1567 praesagitio
622 1527 763 1553 rerum
792 1513 1035 1554 futurarum
1065 1511 1110 1552 in
1139 1511 1276 1567 ipsius
1309 1511 1400 1552 ani-

43 1582 113 1608 mo
152 1568 327 1610 casibus
370 1567 514 1610 dubiis
557 1575 600 1610 et
641 1569 818 1611 incertis
848 1568 1142 1611 incidentibus
1185 1568 1275 1609 fere
1307 1574 1400 1609 erat

42 1623 338 1667 vehementior
367 1631 411 1666 et
440 1625 706 1679 evidentior,
755 1642 864 1682 quae
904 1625 1060 1668 clarius
1092 1624 1303 1666 indicaret
1333 1631 1398 1666 at-

44 1695 126 1736 que
157 1687 449 1723 commoneret
479 1681 582 1737 quid
611 1683 731 1725 factu
762 1684 970 1740 optimum
1002 1688 1141 1736 esset,
1174 1688 1290 1724 certe
1320 1682 1398 1723 mi-

42 1737 156 1779 nime
186 1739 339 1780 mirum
362 1738 492 1780 debet
521 1739 732 1793 accidere,
767 1740 884 1795 quod
909 1739 1136 1782 daemonio
1168 1739 1239 1781 isti
1269 1739 1399 1780 etiam

44 1809 192 1836 vocem
230 1796 381 1837 tribuit
418 1802 548 1850 atque
588 1796 826 1838 identidem
875 1812 1026 1838 vocem
1077 1795 1267 1836 divinam
1315 1796 1399 1838 sibi

42 1850 250 1907 obtigisse
279 1851 402 1893 dixit.
463 1852 576 1894 Nam
608 1853 803 1895 similiter
820 1869 899 1895 nos
923 1867 1096 1908 quoque
1119 1852 1172 1894 de
1192 1852 1397 1894 interiore

42 1907 173 1948 animi
210 1922 316 1950 voce
357 1909 428 1950 vel
467 1908 520 1950 de
558 1925 664 1951 voce
707 1911 998 1952 conscientiae
1034 1909 1155 1964 loqui
1196 1909 1397 1951 solemus.

42 1963 138 2006 Nec
164 1979 267 2006 vero
295 1965 476 2007 multum
521 1965 791 2009 difficultatis
834 1967 990 2020 habet,
1038 1965 1157 2021 quod
1195 1967 1322 2008 Plato
1355 1973 1398 2008 et

41 2020 291 2077 Xenophon
322 2021 375 2064 de
396 2023 437 2064 vi
467 2029 509 2065 et
539 2023 734 2065 efficacia
754 2023 967 2066 daemonii
999 2030 1177 2065 eatenus
1208 2023 1320 2065 inter
1351 2039 1396 2065 se

42 2076 328 2133 dissentiunt,
372 2079 490 2135 quod
529 2080 600 2122 ille
639 2082 939 2123 consentiente
979 2079 1191 2123 Cicerone
1230 2080 1396 2130 scribit,

41 2128 267 2178 Socratem
298 2151 323 2177 a
353 2135 580 2179 daemonio
611 2152 689 2180 suo
721 2153 850 2194 saepe
869 2144 1135 2190 revocatum,
1162 2153 1397 2192 numquam

41 2191 272 2247 impulsum
316 2208 410 2236 esse
441 2200 497 2247 (v.
528 2194 658 2250 Apol.
691 2211 734 2250 p.
766 2197 834 2237 31.
864 2194 914 2237 C.
946 2195 1002 2238 D.
1032 2211 1074 2250 p.
1107 2196 1175 2236 40.
1206 2195 1249 2235 A
1268 2220 1321 2224 ——
1343 2193 1394 2236 C.

42 2247 228 2291 Phaedr.
273 2265 316 2304 p.
354 2252 450 2292 242.
489 2249 540 2293 C.
585 2251 765 2294 Theaet.
803 2269 844 2308 p.
882 2254 975 2294 151.
1008 2254 1065 2294 A.
1107 2251 1326 2293 Alcibiad.
1359 2251 1394 2293 I.

42 2320 84 2360 p.
119 2305 214 2347 103.
244 2313 298 2347 A.
333 2309 425 2348 124.
457 2307 508 2350 C.
540 2308 705 2365 Theag.
736 2325 778 2365 p.
809 2310 897 2352 128.
926 2309 983 2351 D.
1016 2308 1117 2363 al.);
1149 2308 1220 2349 hic
1251 2314 1395 2350 autem

41 2367 272 2416 utrumque
311 2363 472 2405 factum
512 2381 607 2408 esse
646 2372 851 2421 testatur,
895 2373 943 2408 ut
980 2368 1115 2408 Mem.
1157 2364 1238 2406 IV.
1269 2366 1322 2418 8,
1357 2368 1392 2407 1.

43 2417 299 2474 φάσκοντος
337 2420 474 2463 αὐτοῦ
516 2422 833 2478 (Σωκράτους)
884 2423 931 2465 τὸ
977 2421 1213 2476 δαιμόνιον
1253 2425 1395 2473 ἑαυτῷ

41 2479 372 2529 προσημαίνειν.
404 2477 432 2518 ἇ
462 2495 506 2520 τε
537 2481 628 2521 δέοι
664 2484 733 2522 καὶ
765 2480 792 2521 ἁ
823 2480 883 2533 μὴ
915 2482 1010 2522 δέοι
1039 2477 1259 2533 πράττειν,
1292 2484 1336 2520 et
1354 2478 1391 2521 I.

45 2535 92 2586 1,
124 2535 164 2574 4.
196 2533 231 2574 Ι.
267 2536 315 2588 1,
363 2536 427 2576 19.
467 2535 563 2577 coll.
602 2537 885 2579 Plutarch.
923 2537 993 2579 De
1035 2536 1178 2579 Genio
1221 2534 1392 2579 Socrat.

40 2606 82 2645 p.
117 2591 215 2634 181.
246 2596 301 2632 A.
331 2590 384 2631 B.
452 2593 569 2634 Nam
612 2594 795 2649 primum
828 2593 999 2649 quidem
1032 2594 1260 2647 utriusque
1287 2594 1391 2635 scri-

42 2646 177 2700 ptoris
210 2648 466 2689 sententiam
514 2649 630 2692 nullo
661 2652 836 2707 negotio
870 2666 966 2692 cum
996 2652 1390 2693 Tennemanno

41 2702 211 2745 Histor.
244 2704 409 2747 Philos.
442 2706 492 2747 T.
521 2706 580 2748 II.
603 2723 644 2762 p.
675 2709 741 2750 33.
774 2708 834 2749 ita
865 2706 1187 2760 conciliaveris,
1218 2713 1267 2748 ut
1295 2706 1390 2749 Xe-

43 2760 306 2815 nophontem
332 2768 532 2819 putemus
556 2779 619 2817 ea,
654 2780 763 2819 quae
784 2781 866 2806 vox
899 2763 1114 2806 daemonii
1145 2764 1387 2819 spectabat.
