1644 3039
181 149 313 191 LXX

270 264 348 294 dulo
367 262 514 303 legerint
535 266 639 300 atque
655 260 881 292 tractaverint
895 272 902 297 ς
915 270 992 291 nam
1012 268 1126 290 reruni
1147 258 1287 299 quidem
1303 263 1336 290 et
1353 258 1537 289 verborum

271 320 431 350 notiones
445 319 481 350 in
496 317 686 349 Platonicis
706 317 804 349 libris
821 318 1016 359 explicatae
1031 326 1100 348 non
1115 315 1213 347 facile
1238 320 1384 357 possunt
1397 314 1538 347 aliunde

272 376 405 418 percipi
431 379 591 407 accurate
618 374 687 406 nisi
714 375 757 406 ab
782 375 859 416 ipso
879 374 1043 413 Platone,
1061 373 1301 413 fallunturque
1325 380 1539 413 magnopere

273 434 332 476 qui
358 444 416 465 eas
443 437 568 474 putant
591 432 627 463 in
644 432 786 463 Lexicis
809 441 915 474 posse
940 432 1119 472 explicari.
1167 429 1271 468 Quod
1288 430 1402 470 ipsum
1418 428 1539 466 sensit,

274 492 416 532 opinor,
442 491 547 522 etiam
562 490 741 528 Astius,
767 489 826 530 qui
852 489 1126 530 prudentissimo
1153 487 1300 519 consilio
1330 487 1417 518 nihil
1442 485 1538 518 aliud

274 548 343 579 nisi
360 547 500 588 plenum
517 551 785 587 accuratumque
806 546 1203 578 vocumplatonicarum
1220 544 1369 576 indicem
1387 543 1538 575 conden-

275 607 357 637 dum
385 604 567 636 iudicavit.

320 662 478 703 Sequuta
509 666 631 702 postea
670 666 721 692 est
759 660 914 691 Platonis
948 660 1054 693 editio
1083 661 1204 693 'surici
1229 665 1411 700 suscepta,
1437 659 1534 690 cuius

274 721 391 762 operis
422 719 530 750 index
565 718 623 749 hic
657 721 729 750 est:
780 716 993 748 Platonis
1025 728 1159 760 opera
1192 728 1303 761 quae
1327 718 1533 750 feruntur

279 777 435 810 omnia.
485 775 781 816 Recognoverunt
804 775 869 807 Jo.
896 773 1042 816 Georg
1066 776 1303 817 Baiterus,
1320 776 1384 810 Jo.
1407 776 1532 816 Casp.

275 834 495 870 Orellius,
546 833 645 872 Aug.
692 829 808 863 Guil.
861 832 1241 867 Winkelniannus.
1308 833 1536 865 Ac-‹zedunt

273 893 464 932 integra
500 890 694 922 varietas
726 889 939 921 lectionis
973 889 1334 932 Stephanianae,
1368 890 1533 922 Bekke-

272 951 446 987 rianae,
480 946 657 978 Stallba
687 947 911 987 umianae,
946 947 1120 980 scholia
1157 953 1197 979 et
1229 949 1446 980 nominum
1480 948 1539 979 in·

274 1008 369 1039 dex.
420 1005 554 1043 Turiei‚
578 1004 745 1044 impensis
761 1003 896 1044 Meyeri
923 1009 958 1035 et
976 1005 1116 1045 Zelleri‚
1135 1005 1485 1037 MDCCCXXXix.
1503 1003 1540 1039 4.

278 1065 424 1096 Praeter
464 1062 597 1093 scholia
637 1061 795 1092 additum
836 1062 938 1093 etiam
971 1060 1192 1094 Glossarium
1223 1064 1442 1095 Platonicum
1477 1067 1542 1102 est,

275 1122 331 1153 cui
357 1131 422 1161 pro
448 1119 557 1150 fundo
577 1118 697 1149 subest
713 1117 934 1151 Glossarium
954 1119 1093 1151 Timaei
1111 1119 1303 1161 Sophistae
1317 1121 1361 1152 ad
1377 1120 1543 1152 Codicem

275 1178 476 1210 Parisinum
515 1176 631 1206 denuo
667 1176 898 1216 recognitum.
946 1176 1069 1207 Editio
1095 1181 1260 1208 accurata
1283 1182 1317 1209 et
1342 1178 1454 1209 nitide
1479 1178 1541 1208 im-

271 1245 404 1276 pressa.
454 1232 590 1264 Textus
617 1232 720 1263 huius
735 1233 896 1273 exempli,
916 1234 976 1273 qui
1002 1237 1160 1272 vocatur,
1178 1235 1285 1265 etiam
1306 1234 1442 1265 octonis
1467 1233 1543 1274 pla-

274 1292 366 1333 gulis
392 1292 582 1331 impressus
613 1295 677 1330 est,
696 1290 745 1322 ita
770 1294 808 1320 ut
824 1291 953 1330 singuli
968 1290 1040 1321 fere
1059 1300 1237 1322 sermones
1259 1287 1418 1322 Platonis
1444 1298 1544 1330 sepa-

275 1349 379 1381 ratim
407 1358 546 1389 quoque
574 1352 734 1379 veneant.
784 1348 826 1379 In
846 1347 1125 1389 praefationibus
1139 1348 1266 1379 minori
1280 1348 1362 1378 huic
1385 1347 1543 1386 editioni,

276 1408 374 1438 cuius
402 1410 484 1437 sunt
509 1405 595 1436 tomi
621 1405 745 1445 viginti
768 1415 879 1443 unus,
907 1405 949 1435 ab
985 1405 1198 1436 doctissimis
1224 1405 1418 1436 editoribus
1442 1413 1543 1445 prae-

278 1465 394 1496 missis
420 1464 462 1495 de
487 1463 608 1503 paucis
636 1462 846 1502 quibusdam
871 1461 958 1492 locis
983 1461 1246 1493 difficilioribus
1272 1462 1482 1502 disputatur,
1510 1465 1544 1492 et

278 1520 456 1564 quomodo
482 1519 537 1550 vel
565 1518 772 1549 emendandi
797 1519 853 1549 vel
879 1518 1078 1559 explicandi
1104 1518 1186 1558 sint,
1212 1520 1411 1560 exponitur.

182 1580 337 1613 Posthac
346 1577 413 1618 ipsi
426 1586 553 1608 novam
562 1586 706 1616 operum
717 1576 878 1607 Platonis
891 1577 1043 1607 omnium
1055 1575 1219 1613 editione,
1229 1581 1376 1617 rogante
1385 1574 1440 1607 Ca
1449 1585 1493 1607 ro
1503 1576 1512 1606 1
1522 1587 1543 1608 o

274 1636 304 1668 T
317 1646 365 1667 au
376 1634 571 1666 chnitzio
598 1638 734 1672 nostro,
757 1634 1089 1675 suscepimus,quae
1104 1637 1237 1665 textum
1249 1633 1423 1665 Graecum
1439 1643 1544 1674 quam

275 1692 558 1724 emendatissime
584 1696 618 1723 et
642 1690 753 1722 nitide
789 1700 994 1732 expressum
1021 1690 1164 1722 exhibet
1189 1692 1414 1732 continetque
1437 1690 1543 1723 etiam

275 1749 422 1781 Scholia
449 1747 588 1781 Graeca
613 1750 745 1789 passim
773 1752 877 1779 aneta
901 1752 936 1779 et
961 1752 1119 1778 correcta
1156 1748 1278 1779 addito
1309 1748 1465 1780 Indice
1490 1748 1544 1779 hi-

277 1808 407 1839 storico
434 1807 469 1837 in
487 1806 671 1838 Platonem
698 1811 732 1837 et
748 1804 951 1846 Conspectu
974 1805 1181 1846 paginarum
1194 1807 1371 1846 potiorum
1386 1810 1542 1837 veterum

276 1864 490 1905 editionum,
521 1873 610 1904 quae
643 1873 663 1894 a
695 1863 825 1894 criticis
861 1863 899 1894 in
930 1862 1117 1895 afferendis
1156 1863 1244 1894 locis
1277 1863 1438 1896 Platonis
1469 1863 1544 1895 fere

278 1925 445 1961 usurpata
479 1925 570 1952 sunt.
619 1919 728 1950 Cuius
760 1922 876 1961 operis
908 1920 1111 1952 nitidissimi
1143 1921 1328 1961 inscriptio
1360 1921 1446 1953 haec
1473 1925 1543 1953 esti

321 1977 532 2009 Platonis
559 1976 706 2018 Opera
734 1978 879 2009 omnia
902 1988 972 2009 uno
998 1978 1175 2008 volumine
1199 1978 1470 2019 comprehensa:
1498 1979 1543 2010 ad

277 2035 380 2067 fidem
397 2036 608 2075 optimorum
623 2034 791 2065 librorum
809 2035 923 2065 denuo
941 2035 1152 2074 recognovit
1169 2040 1203 2065 et
1219 2045 1288 2066 una
1305 2045 1382 2066 enm
1398 2036 1542 2066 scholiis

277 2092 496 2123 emendatius
523 2092 634 2122 edidit
650 2089 692 2122 G.
709 2090 1050 2123 Stallbaumius.
1077 2092 1185 2122 editio
1211 2096 1422 2132 stereotypa.
1459 2092 1543 2133 Lip—

276 2150 362 2188 siae,
389 2149 559 2180 sumtibus
595 2153 630 2179 et
653 2149 743 2189 typis
778 2147 857 2181 Car.
885 2148 1100 2180 Tauohnitii.
1129 2148 1228 2182 18:30.
1259 2148 1290 2181 4.
1319 2149 1399 2181 mai.

323 2207 439 2238 Huius
464 2207 631 2238 editionis
658 2211 773 2237 textus
801 2215 869 2236 nna
894 2216 970 2236 cum
998 2207 1143 2237 scholiis
1177 2208 1299 2238 eodem
1319 2216 1411 2237 anno
1439 2208 1543 2238 etiam

279 2268 446 2304 septem
474 2263 779 2295 voluminibus
804 2263 941 2294 formae
974 2264 1135 2295 minimae
1161 2265 1274 2295 editus
1301 2268 1355 2294 est
1379 2263 1414 2294 in
1441 2274 1542 2295 usum

278 2322 493 2361 scholarum,
518 2325 555 2351 ut
593 2321 753 2361 singulae
778 2324 894 2361 partes
920 2321 1150 2352 saluberrimo
1175 2322 1288 2362 pretio
1316 2321 1456 2351 venales
1482 2321 1543 2352 ha-

277 2378 437 2411 beantur.
487 2377 551 2409 Est
576 2383 690 2409 autem
724 2377 811 2408 haec
837 2387 976 2417 quoqne
1001 2378 1109 2409 editio
1136 2378 1402 2419 diligentissime
1428 2388 1541 2409 emen-

279 2436 373 2474 data,
399 2439 437 2466 ut
461 2445 481 2466 a
506 2436 642 2466 mendis
668 2434 934 2475 typographicis
960 2445 1068 2476 prope
1094 2436 1256 2467 immunis
1282 2435 1337 2466 sit.

326 2492 478 2533 Excepit
507 2492 597 2523 hanc
631 2492 821 2524 editionem
849 2492 948 2523 brevi
983 2497 1063 2532 post
1089 2492 1425 2534 Teubneriana‚
1452 2501 1541 2533 quae

280 2549 369 2580 lianc
406 2549 514 2581 babet
551 2550 836 2590 inscriptionem:
891 2548 1102 2581 Platonis
1139 2549 1314 2589 Dialogi
1350 2549 1541 2580 secundum

280 2605 458 2646 Thrasylli
491 2607 696 2647 tetralogias
728 2607 906 2648 dispositi:
952 2617 992 2638 ex
1025 2607 1267 2647 recognitione
1300 2605 1393 2639 Car.
1425 2606 1538 2638 Frid.

281 2662 497 2695 Hermann
511 2665 533 2695 i.
558 2664 654 2705 Lips.
692 2665 771 2696 Vol.
799 2664 922 2697 l—Vl.
956 2664 1126 2696 sumtibus
1159 2668 1194 2694 ct
1226 2664 1318 2704 typis
1353 2663 1540 2694 Teubneri.

285 2719 562 2754 1351*1853.8.
582 2722 661 2752 min.
713 2721 827 2753 Habet
852 2721 935 2752 haec
963 2720 1069 2752 editio
1098 2721 1251 2752 criticam
1277 2720 1548 2752 annotationem·
