<?xml version="1.0" encoding="UTF-8"?>
<!DOCTYPE html PUBLIC "-//W3C//DTD XHTML 1.0 Transitional//EN"
    "http://www.w3.org/TR/xhtml1/DTD/xhtml1-transitional.dtd">
<html xmlns="http://www.w3.org/1999/xhtml" xml:lang="en" lang="en">
 <head>
  <title>
</title>
<meta http-equiv="Content-Type" content="text/html;charset=utf-8" />
  <meta name='ocr-system' content='tesseract 3.04.00' />
  <meta name='ocr-capabilities' content='ocr_page ocr_carea ocr_par ocr_line ocrx_word'/>
</head>
<body>
  <div class='ocr_page' id='page_1' title='image "./n1operaomniarecens01platuoft/n1operaomniarecens01platuoft_0089.png"; bbox 0 0 1644 3039; ppageno 0'>
   <div class='ocr_carea' id='block_1_1' title="bbox 191 204 1404 250">
    <p class='ocr_par' dir='ltr' id='par_1_1' title="bbox 191 204 1404 250">
     <span class='ocr_line' id='line_1_1' title="bbox 191 204 1404 250; baseline -0.002 -1"><span class='ocrx_word' id='word_1_1' title='bbox 191 205 508 250; x_wconf 80' lang='lat' dir='ltr'><strong>PLATONIS</strong></span> <span class='ocrx_word' id='word_1_2' title='bbox 540 204 923 248; x_wconf 70' lang='lat' dir='ltr'><strong>APOLOGIAM</strong></span> <span class='ocrx_word' id='word_1_3' title='bbox 948 205 1268 250; x_wconf 70' lang='lat' dir='ltr'>SOCRATIS.</span> <span class='ocrx_word' id='word_1_4' title='bbox 1379 213 1404 247; x_wconf 66' lang='grc' dir='ltr'>υ</span> 
     </span>
    </p>
   </div>
   <div class='ocr_carea' id='block_1_2' title="bbox 0 319 1410 2773">
    <p class='ocr_par' dir='ltr' id='par_1_2' title="bbox 0 319 1410 2774">
     <span class='ocr_line' id='line_1_2' title="bbox 55 319 1405 377; baseline -0.001 -15"><span class='ocrx_word' id='word_1_5' title='bbox 55 320 369 377; x_wconf 77' lang='lat' dir='ltr'>turpitudinem</span> <span class='ocrx_word' id='word_1_6' title='bbox 406 326 626 375; x_wconf 80' lang='lat' dir='ltr'>tamquam</span> <span class='ocrx_word' id='word_1_7' title='bbox 662 319 798 361; x_wconf 87' lang='lat' dir='ltr'>oculis</span> <span class='ocrx_word' id='word_1_8' title='bbox 838 327 1040 374; x_wconf 76' lang='lat' dir='ltr'>cernant,</span> <span class='ocrx_word' id='word_1_9' title='bbox 1081 327 1223 362; x_wconf 83' lang='lat' dir='ltr'>tamen</span> <span class='ocrx_word' id='word_1_10' title='bbox 1264 321 1405 376; x_wconf 82' lang='lat' dir='ltr'>ipsam</span> 
     </span>
     <span class='ocr_line' id='line_1_3' title="bbox 0 376 1405 433; baseline -0.001 -13"><span class='ocrx_word' id='word_1_11' title='bbox 0 386 3 414; x_wconf 57' lang='grc' dir='ltr'><em>ὅ</em></span> <span class='ocrx_word' id='word_1_12' title='bbox 56 394 142 421; x_wconf 92' lang='lat' dir='ltr'>non</span> <span class='ocrx_word' id='word_1_13' title='bbox 172 377 405 431; x_wconf 65' lang='lat' dir='ltr'>refuffiant,</span> <span class='ocrx_word' id='word_1_14' title='bbox 440 376 516 419; x_wconf 84' lang='lat' dir='ltr'>sed</span> <span class='ocrx_word' id='word_1_15' title='bbox 546 381 727 417; x_wconf 85' lang='lat' dir='ltr'>mortem</span> <span class='ocrx_word' id='word_1_16' title='bbox 756 377 902 433; x_wconf 88' lang='lat' dir='ltr'>potius</span> <span class='ocrx_word' id='word_1_17' title='bbox 933 378 1086 433; x_wconf 79' lang='lat' dir='ltr'>vitent,</span> <span class='ocrx_word' id='word_1_18' title='bbox 1120 393 1229 433; x_wconf 90' lang='lat' dir='ltr'>quae</span> <span class='ocrx_word' id='word_1_19' title='bbox 1260 385 1405 419; x_wconf 83' lang='lat' dir='ltr'>tamen</span> 
     </span>
     <span class='ocr_line' id='line_1_4' title="bbox 56 414 1403 488; baseline -0.001 -11"><span class='ocrx_word' id='word_1_20' title='bbox 56 452 156 477; x_wconf 88' lang='lat' dir='ltr'>num</span> <span class='ocrx_word' id='word_1_21' title='bbox 195 435 240 476; x_wconf 91' lang='lat' dir='ltr'>in</span> <span class='ocrx_word' id='word_1_22' title='bbox 268 414 409 476; x_wconf 58' lang='lat' dir='ltr'>ebonis</span> <span class='ocrx_word' id='word_1_23' title='bbox 453 450 507 476; x_wconf 88' lang='lat' dir='ltr'>an</span> <span class='ocrx_word' id='word_1_24' title='bbox 547 433 592 474; x_wconf 90' lang='lat' dir='ltr'>in</span> <span class='ocrx_word' id='word_1_25' title='bbox 622 433 745 475; x_wconf 90' lang='lat' dir='ltr'>malis</span> <span class='ocrx_word' id='word_1_26' title='bbox 790 433 989 475; x_wconf 88' lang='lat' dir='ltr'>ducenda</span> <span class='ocrx_word' id='word_1_27' title='bbox 1029 435 1105 488; x_wconf 86' lang='lat' dir='ltr'>sit,</span> <span class='ocrx_word' id='word_1_28' title='bbox 1146 436 1318 476; x_wconf 88' lang='lat' dir='ltr'>minime</span> <span class='ocrx_word' id='word_1_29' title='bbox 1351 435 1403 476; x_wconf 79' lang='lat' dir='ltr'>ab</span> 
     </span>
     <span class='ocr_line' id='line_1_5' title="bbox 55 490 1405 548; baseline -0.002 -13"><span class='ocrx_word' id='word_1_30' title='bbox 55 493 163 548; x_wconf 89' lang='lat' dir='ltr'>ipsis</span> <span class='ocrx_word' id='word_1_31' title='bbox 204 491 474 547; x_wconf 78' lang='lat' dir='ltr'>exploratum</span> <span class='ocrx_word' id='word_1_32' title='bbox 511 490 741 532; x_wconf 77' lang='lat' dir='ltr'>habeatur..</span> <span class='ocrx_word' id='word_1_33' title='bbox 801 491 957 546; x_wconf 87' lang='lat' dir='ltr'>Itaque</span> <span class='ocrx_word' id='word_1_34' title='bbox 998 493 1189 547; x_wconf 66' lang='lat' dir='ltr'>graviter</span> <span class='ocrx_word' id='word_1_35' title='bbox 1218 492 1405 546; x_wconf 83' lang='lat' dir='ltr'>denique</span> 
     </span>
     <span class='ocr_line' id='line_1_6' title="bbox 56 547 1405 605; baseline -0.001 -14"><span class='ocrx_word' id='word_1_36' title='bbox 56 556 299 602; x_wconf 73' lang='lat' dir='ltr'>asseverat,</span> <span class='ocrx_word' id='word_1_37' title='bbox 332 563 380 590; x_wconf 86' lang='lat' dir='ltr'>se</span> <span class='ocrx_word' id='word_1_38' title='bbox 411 547 596 603; x_wconf 84' lang='lat' dir='ltr'>quidem,</span> <span class='ocrx_word' id='word_1_39' title='bbox 629 547 666 588; x_wconf 87' lang='lat' dir='ltr'>si</span> <span class='ocrx_word' id='word_1_40' title='bbox 696 547 780 603; x_wconf 86' lang='lat' dir='ltr'>ipsi</span> <span class='ocrx_word' id='word_1_41' title='bbox 814 563 863 589; x_wconf 87' lang='lat' dir='ltr'>ea</span> <span class='ocrx_word' id='word_1_42' title='bbox 892 549 1140 591; x_wconf 85' lang='lat' dir='ltr'>conditione</span> <span class='ocrx_word' id='word_1_43' title='bbox 1171 549 1405 605; x_wconf 87' lang='lat' dir='ltr'>impunitas</span> 
     </span>
     <span class='ocr_line' id='line_1_7' title="bbox 56 605 1405 662; baseline -0.002 -13"><span class='ocrx_word' id='word_1_44' title='bbox 56 606 345 659; x_wconf 72' lang='lat' dir='ltr'>concedatur,</span> <span class='ocrx_word' id='word_1_45' title='bbox 382 613 430 647; x_wconf 87' lang='lat' dir='ltr'>ut</span> <span class='ocrx_word' id='word_1_46' title='bbox 461 605 505 646; x_wconf 92' lang='lat' dir='ltr'>in</span> <span class='ocrx_word' id='word_1_47' title='bbox 535 610 755 660; x_wconf 82' lang='lat' dir='ltr'>posterum</span> <span class='ocrx_word' id='word_1_48' title='bbox 786 605 893 646; x_wconf 85' lang='lat' dir='ltr'>alios</span> <span class='ocrx_word' id='word_1_49' title='bbox 926 606 1148 662; x_wconf 78' lang='lat' dir='ltr'>explorare</span> <span class='ocrx_word' id='word_1_50' title='bbox 1180 613 1253 647; x_wconf 87' lang='lat' dir='ltr'>aut</span> <span class='ocrx_word' id='word_1_51' title='bbox 1283 621 1405 648; x_wconf 85' lang='lat' dir='ltr'>coar-</span> 
     </span>
     <span class='ocr_line' id='line_1_8' title="bbox 56 662 1406 720; baseline -0.001 -15"><span class='ocrx_word' id='word_1_52' title='bbox 56 679 187 720; x_wconf 84' lang='lat' dir='ltr'>guere</span> <span class='ocrx_word' id='word_1_53' title='bbox 216 663 490 715; x_wconf 77' lang='lat' dir='ltr'>intermittat,</span> <span class='ocrx_word' id='word_1_54' title='bbox 519 677 606 703; x_wconf 90' lang='lat' dir='ltr'>non</span> <span class='ocrx_word' id='word_1_55' title='bbox 637 675 733 703; x_wconf 85' lang='lat' dir='ltr'>esse</span> <span class='ocrx_word' id='word_1_56' title='bbox 764 662 1115 716; x_wconf 88' lang='lat' dir='ltr'>commissurum,</span> <span class='ocrx_word' id='word_1_57' title='bbox 1164 670 1212 704; x_wconf 86' lang='lat' dir='ltr'>ut</span> <span class='ocrx_word' id='word_1_58' title='bbox 1251 677 1406 704; x_wconf 87' lang='lat' dir='ltr'>munus</span> 
     </span>
     <span class='ocr_line' id='line_1_9' title="bbox 55 717 1406 776; baseline -0.001 -14"><span class='ocrx_word' id='word_1_59' title='bbox 55 721 138 763; x_wconf 86' lang='lat' dir='ltr'>sibi</span> <span class='ocrx_word' id='word_1_60' title='bbox 170 736 195 761; x_wconf 85' lang='lat' dir='ltr'>a</span> <span class='ocrx_word' id='word_1_61' title='bbox 224 720 321 762; x_wconf 91' lang='lat' dir='ltr'>Deo</span> <span class='ocrx_word' id='word_1_62' title='bbox 351 718 599 761; x_wconf 81' lang='lat' dir='ltr'>mandatum</span> <span class='ocrx_word' id='word_1_63' title='bbox 629 717 923 773; x_wconf 84' lang='lat' dir='ltr'>derelinquat,</span> <span class='ocrx_word' id='word_1_64' title='bbox 967 719 1044 761; x_wconf 89' lang='lat' dir='ltr'>sed</span> <span class='ocrx_word' id='word_1_65' title='bbox 1083 727 1277 776; x_wconf 82' lang='lat' dir='ltr'>paratum</span> <span class='ocrx_word' id='word_1_66' title='bbox 1310 735 1406 761; x_wconf 86' lang='lat' dir='ltr'>csse</span> 
     </span>
     <span class='ocr_line' id='line_1_10' title="bbox 59 774 1408 832; baseline -0.002 -13"><span class='ocrx_word' id='word_1_67' title='bbox 59 783 276 819; x_wconf 88' lang='lat' dir='ltr'>contemto</span> <span class='ocrx_word' id='word_1_68' title='bbox 308 776 458 818; x_wconf 89' lang='lat' dir='ltr'>mortis</span> <span class='ocrx_word' id='word_1_69' title='bbox 487 774 679 831; x_wconf 89' lang='lat' dir='ltr'>periculo</span> <span class='ocrx_word' id='word_1_70' title='bbox 712 775 765 816; x_wconf 87' lang='lat' dir='ltr'>ad</span> <span class='ocrx_word' id='word_1_71' title='bbox 786 776 1044 832; x_wconf 81' lang='lat' dir='ltr'>gravissima</span> <span class='ocrx_word' id='word_1_72' title='bbox 1065 793 1263 831; x_wconf 84' lang='lat' dir='ltr'>quaeque</span> <span class='ocrx_word' id='word_1_73' title='bbox 1295 777 1408 818; x_wconf 85' lang='lat' dir='ltr'>mala</span> 
     </span>
     <span class='ocr_line' id='line_1_11' title="bbox 55 831 1406 890; baseline -0.001 -15"><span class='ocrx_word' id='word_1_74' title='bbox 55 834 281 876; x_wconf 81' lang='lat' dir='ltr'>subeunda</span> <span class='ocrx_word' id='word_1_75' title='bbox 320 839 449 888; x_wconf 87' lang='lat' dir='ltr'>atque</span> <span class='ocrx_word' id='word_1_76' title='bbox 489 831 736 886; x_wconf 86' lang='lat' dir='ltr'>toleranda,</span> <span class='ocrx_word' id='word_1_77' title='bbox 776 833 989 887; x_wconf 88' lang='lat' dir='ltr'>siquidem</span> <span class='ocrx_word' id='word_1_78' title='bbox 1030 834 1111 875; x_wconf 86' lang='lat' dir='ltr'>sibi</span> <span class='ocrx_word' id='word_1_79' title='bbox 1153 835 1279 890; x_wconf 86' lang='lat' dir='ltr'>plane</span> <span class='ocrx_word' id='word_1_80' title='bbox 1309 849 1406 889; x_wconf 86' lang='lat' dir='ltr'>per-</span> 
     </span>
     <span class='ocr_line' id='line_1_12' title="bbox 57 889 1406 947; baseline -0.001 -14"><span class='ocrx_word' id='word_1_81' title='bbox 57 906 230 933; x_wconf 88' lang='lat' dir='ltr'>suasum</span> <span class='ocrx_word' id='word_1_82' title='bbox 260 891 330 944; x_wconf 88' lang='lat' dir='ltr'>sit,</span> <span class='ocrx_word' id='word_1_83' title='bbox 362 889 630 931; x_wconf 88' lang='lat' dir='ltr'>nullumdum</span> <span class='ocrx_word' id='word_1_84' title='bbox 661 889 828 931; x_wconf 78' lang='lat' dir='ltr'>civibus</span> <span class='ocrx_word' id='word_1_85' title='bbox 859 890 948 932; x_wconf 87' lang='lat' dir='ltr'>suis</span> <span class='ocrx_word' id='word_1_86' title='bbox 979 891 1138 932; x_wconf 89' lang='lat' dir='ltr'>bonum</span> <span class='ocrx_word' id='word_1_87' title='bbox 1170 891 1406 947; x_wconf 70' lang='lat' dir='ltr'>contigisse</span> 
     </span>
     <span class='ocr_line' id='line_1_13' title="bbox 57 946 1406 1003; baseline -0.001 -14"><span class='ocrx_word' id='word_1_88' title='bbox 57 948 193 990; x_wconf 80' lang='lat' dir='ltr'>maius</span> <span class='ocrx_word' id='word_1_89' title='bbox 242 962 372 1001; x_wconf 89' lang='lat' dir='ltr'>quam</span> <span class='ocrx_word' id='word_1_90' title='bbox 411 962 536 989; x_wconf 87' lang='lat' dir='ltr'>suum</span> <span class='ocrx_word' id='word_1_91' title='bbox 576 961 679 1003; x_wconf 79' lang='lat' dir='ltr'>erga</span> <span class='ocrx_word' id='word_1_92' title='bbox 720 946 848 988; x_wconf 89' lang='lat' dir='ltr'>deum</span> <span class='ocrx_word' id='word_1_93' title='bbox 887 947 1169 1002; x_wconf 85' lang='lat' dir='ltr'>obsequium,</span> <span class='ocrx_word' id='word_1_94' title='bbox 1223 963 1309 1002; x_wconf 89' lang='lat' dir='ltr'>quo</span> <span class='ocrx_word' id='word_1_95' title='bbox 1351 946 1406 987; x_wconf 85' lang='lat' dir='ltr'>ad</span> 
     </span>
     <span class='ocr_line' id='line_1_14' title="bbox 57 1003 1407 1060; baseline -0.001 -14"><span class='ocrx_word' id='word_1_96' title='bbox 57 1005 187 1046; x_wconf 90' lang='lat' dir='ltr'>animi</span> <span class='ocrx_word' id='word_1_97' title='bbox 227 1020 355 1060; x_wconf 88' lang='lat' dir='ltr'>quam</span> <span class='ocrx_word' id='word_1_98' title='bbox 393 1004 551 1059; x_wconf 88' lang='lat' dir='ltr'>optime</span> <span class='ocrx_word' id='word_1_99' title='bbox 588 1003 801 1045; x_wconf 87' lang='lat' dir='ltr'>formandi</span> <span class='ocrx_word' id='word_1_100' title='bbox 842 1019 988 1045; x_wconf 89' lang='lat' dir='ltr'>curam</span> <span class='ocrx_word' id='word_1_101' title='bbox 1028 1011 1071 1046; x_wconf 85' lang='lat' dir='ltr'>et</span> <span class='ocrx_word' id='word_1_102' title='bbox 1108 1005 1281 1046; x_wconf 80' lang='lat' dir='ltr'>virtutis</span> <span class='ocrx_word' id='word_1_103' title='bbox 1314 1010 1407 1045; x_wconf 87' lang='lat' dir='ltr'>stu-</span> 
     </span>
     <span class='ocr_line' id='line_1_15' title="bbox 56 1060 1407 1118; baseline 0.001 -16"><span class='ocrx_word' id='word_1_104' title='bbox 56 1062 172 1102; x_wconf 90' lang='lat' dir='ltr'>dium</span> <span class='ocrx_word' id='word_1_105' title='bbox 205 1061 396 1118; x_wconf 78' lang='lat' dir='ltr'>graviter</span> <span class='ocrx_word' id='word_1_106' title='bbox 426 1061 669 1102; x_wconf 82' lang='lat' dir='ltr'>excitent-ur</span> <span class='ocrx_word' id='word_1_107' title='bbox 698 1067 828 1115; x_wconf 88' lang='lat' dir='ltr'>atque</span> <span class='ocrx_word' id='word_1_108' title='bbox 858 1061 1132 1117; x_wconf 84' lang='lat' dir='ltr'>impellantur</span> <span class='ocrx_word' id='word_1_109' title='bbox 1164 1063 1228 1116; x_wconf 86' lang='lat' dir='ltr'>(p.</span> <span class='ocrx_word' id='word_1_110' title='bbox 1260 1063 1328 1103; x_wconf 80' lang='lat'>27.</span> <span class='ocrx_word' id='word_1_111' title='bbox 1354 1060 1407 1104; x_wconf 83' lang='lat' dir='ltr'>E.</span> 
     </span>
     <span class='ocr_line' id='line_1_16' title="bbox 55 1117 1404 1173; baseline -0.001 -13"><span class='ocrx_word' id='word_1_112' title='bbox 55 1144 111 1150; x_wconf 91' lang='lat'>——</span> <span class='ocrx_word' id='word_1_113' title='bbox 142 1120 209 1161; x_wconf 86' lang='lat'>30.</span> <span class='ocrx_word' id='word_1_114' title='bbox 241 1118 329 1173; x_wconf 80' lang='lat' dir='ltr'>R).</span> <span class='ocrx_word' id='word_1_115' title='bbox 389 1118 625 1159; x_wconf 87' lang='lat' dir='ltr'>Praeterea</span> <span class='ocrx_word' id='word_1_116' title='bbox 659 1117 826 1160; x_wconf 87' lang='lat' dir='ltr'>iudices</span> <span class='ocrx_word' id='word_1_117' title='bbox 870 1120 999 1160; x_wconf 80' lang='lat' dir='ltr'>etiam</span> <span class='ocrx_word' id='word_1_118' title='bbox 1039 1118 1145 1160; x_wconf 89' lang='lat' dir='ltr'>illud</span> <span class='ocrx_word' id='word_1_119' title='bbox 1188 1118 1404 1171; x_wconf 77' lang='lat' dir='ltr'>admonet,</span> 
     </span>
     <span class='ocr_line' id='line_1_17' title="bbox 58 1175 1407 1232; baseline -0.001 -15"><span class='ocrx_word' id='word_1_120' title='bbox 58 1191 104 1217; x_wconf 86' lang='lat' dir='ltr'>se</span> <span class='ocrx_word' id='word_1_121' title='bbox 136 1175 423 1216; x_wconf 86' lang='lat' dir='ltr'>condemnato</span> <span class='ocrx_word' id='word_1_122' title='bbox 461 1175 652 1216; x_wconf 82' lang='lat' dir='ltr'>futurum</span> <span class='ocrx_word' id='word_1_123' title='bbox 687 1189 807 1228; x_wconf 88' lang='lat' dir='ltr'>esse,</span> <span class='ocrx_word' id='word_1_124' title='bbox 845 1182 894 1216; x_wconf 87' lang='lat' dir='ltr'>ut</span> <span class='ocrx_word' id='word_1_125' title='bbox 921 1191 1007 1216; x_wconf 90' lang='lat' dir='ltr'>non</span> <span class='ocrx_word' id='word_1_126' title='bbox 1037 1182 1123 1217; x_wconf 89' lang='lat' dir='ltr'>tam</span> <span class='ocrx_word' id='word_1_127' title='bbox 1153 1176 1246 1232; x_wconf 85' lang='lat' dir='ltr'>ipse</span> <span class='ocrx_word' id='word_1_128' title='bbox 1279 1191 1407 1229; x_wconf 85' lang='lat' dir='ltr'>quam</span> 
     </span>
     <span class='ocr_line' id='line_1_18' title="bbox 56 1231 1408 1288; baseline -0.001 -15"><span class='ocrx_word' id='word_1_129' title='bbox 56 1233 201 1288; x_wconf 88' lang='lat' dir='ltr'>potius</span> <span class='ocrx_word' id='word_1_130' title='bbox 231 1232 520 1273; x_wconf 79' lang='lat' dir='ltr'>Athenienses</span> <span class='ocrx_word' id='word_1_131' title='bbox 564 1231 687 1287; x_wconf 79' lang='lat' dir='ltr'>gravi</span> <span class='ocrx_word' id='word_1_132' title='bbox 715 1247 857 1287; x_wconf 81' lang='lat' dir='ltr'>poena</span> <span class='ocrx_word' id='word_1_133' title='bbox 886 1233 1143 1274; x_wconf 85' lang='lat' dir='ltr'>afficiantur.</span> <span class='ocrx_word' id='word_1_134' title='bbox 1204 1233 1262 1275; x_wconf 82' lang='lat' dir='ltr'>Se</span> <span class='ocrx_word' id='word_1_135' title='bbox 1295 1233 1408 1274; x_wconf 85' lang='lat' dir='ltr'>enim</span> 
     </span>
     <span class='ocr_line' id='line_1_19' title="bbox 59 1287 1409 1343; baseline 0 -14"><span class='ocrx_word' id='word_1_136' title='bbox 59 1305 84 1330; x_wconf 86' lang='lat' dir='ltr'>a</span> <span class='ocrx_word' id='word_1_137' title='bbox 113 1289 210 1330; x_wconf 88' lang='lat' dir='ltr'>Deo</span> <span class='ocrx_word' id='word_1_138' title='bbox 240 1288 586 1330; x_wconf 86' lang='lat' dir='ltr'>Atheniensibus</span> <span class='ocrx_word' id='word_1_139' title='bbox 617 1287 765 1329; x_wconf 88' lang='lat' dir='ltr'>datum</span> <span class='ocrx_word' id='word_1_140' title='bbox 795 1303 914 1342; x_wconf 89' lang='lat' dir='ltr'>esse,</span> <span class='ocrx_word' id='word_1_141' title='bbox 956 1304 1041 1343; x_wconf 86' lang='lat' dir='ltr'>quo</span> <span class='ocrx_word' id='word_1_142' title='bbox 1081 1296 1200 1331; x_wconf 87' lang='lat' dir='ltr'>recta</span> <span class='ocrx_word' id='word_1_143' title='bbox 1231 1289 1409 1331; x_wconf 81' lang='lat' dir='ltr'>consilia</span> 
     </span>
     <span class='ocr_line' id='line_1_20' title="bbox 59 1345 1407 1402; baseline -0.001 -15"><span class='ocrx_word' id='word_1_144' title='bbox 59 1353 350 1398; x_wconf 86' lang='lat' dir='ltr'>monerentur,</span> <span class='ocrx_word' id='word_1_145' title='bbox 370 1355 549 1400; x_wconf 83' lang='lat' dir='ltr'>propter</span> <span class='ocrx_word' id='word_1_146' title='bbox 576 1345 836 1401; x_wconf 76' lang='lat' dir='ltr'>pravitatem</span> <span class='ocrx_word' id='word_1_147' title='bbox 857 1346 1188 1402; x_wconf 80' lang='lat' dir='ltr'>castigarentur,</span> <span class='ocrx_word' id='word_1_148' title='bbox 1218 1345 1407 1400; x_wconf 85' lang='lat' dir='ltr'>denique</span> 
     </span>
     <span class='ocr_line' id='line_1_21' title="bbox 58 1401 1408 1458; baseline 0 -15"><span class='ocrx_word' id='word_1_149' title='bbox 58 1402 114 1443; x_wconf 89' lang='lat' dir='ltr'>ad</span> <span class='ocrx_word' id='word_1_150' title='bbox 151 1403 370 1444; x_wconf 87' lang='lat' dir='ltr'>meliorem</span> <span class='ocrx_word' id='word_1_151' title='bbox 411 1402 578 1458; x_wconf 72' lang='lat' dir='ltr'>frugem</span> <span class='ocrx_word' id='word_1_152' title='bbox 616 1401 978 1457; x_wconf 82' lang='lat' dir='ltr'>perducerentur3</span> <span class='ocrx_word' id='word_1_153' title='bbox 1028 1419 1115 1444; x_wconf 85' lang='lat' dir='ltr'>non</span> <span class='ocrx_word' id='word_1_154' title='bbox 1165 1403 1290 1445; x_wconf 84' lang='lat' dir='ltr'>facile</span> <span class='ocrx_word' id='word_1_155' title='bbox 1332 1418 1408 1444; x_wconf 90' lang='lat' dir='ltr'>au-</span> 
     </span>
     <span class='ocr_line' id='line_1_22' title="bbox 57 1459 1408 1511; baseline 0.001 -12"><span class='ocrx_word' id='word_1_156' title='bbox 57 1466 144 1500; x_wconf 89' lang='lat' dir='ltr'>tem</span> <span class='ocrx_word' id='word_1_157' title='bbox 185 1465 439 1500; x_wconf 81' lang='lat' dir='ltr'>eventurum</span> <span class='ocrx_word' id='word_1_158' title='bbox 481 1473 598 1511; x_wconf 89' lang='lat' dir='ltr'>esse,</span> <span class='ocrx_word' id='word_1_159' title='bbox 650 1465 700 1500; x_wconf 86' lang='lat' dir='ltr'>ut</span> <span class='ocrx_word' id='word_1_160' title='bbox 742 1459 850 1500; x_wconf 85' lang='lat' dir='ltr'>alter</span> <span class='ocrx_word' id='word_1_161' title='bbox 887 1460 1098 1501; x_wconf 88' lang='lat' dir='ltr'>eiusmodi</span> <span class='ocrx_word' id='word_1_162' title='bbox 1137 1460 1326 1502; x_wconf 87' lang='lat' dir='ltr'>monitor</span> <span class='ocrx_word' id='word_1_163' title='bbox 1365 1466 1408 1500; x_wconf 88' lang='lat' dir='ltr'>et</span> 
     </span>
     <span class='ocr_line' id='line_1_23' title="bbox 58 1515 1408 1571; baseline 0 -14"><span class='ocrx_word' id='word_1_164' title='bbox 58 1515 254 1557; x_wconf 84' lang='lat' dir='ltr'>hortator</span> <span class='ocrx_word' id='word_1_165' title='bbox 282 1515 334 1556; x_wconf 92' lang='lat' dir='ltr'>iis</span> <span class='ocrx_word' id='word_1_166' title='bbox 364 1515 575 1571; x_wconf 83' lang='lat' dir='ltr'>obtingat.</span> <span class='ocrx_word' id='word_1_167' title='bbox 636 1515 860 1557; x_wconf 79' lang='lat' dir='ltr'>Divinitus</span> <span class='ocrx_word' id='word_1_168' title='bbox 902 1532 1004 1558; x_wconf 79' lang='lat' dir='ltr'>vero</span> <span class='ocrx_word' id='word_1_169' title='bbox 1045 1532 1139 1558; x_wconf 82' lang='lat' dir='ltr'>sese</span> <span class='ocrx_word' id='word_1_170' title='bbox 1180 1518 1276 1558; x_wconf 83' lang='lat' dir='ltr'>urbi</span> <span class='ocrx_word' id='word_1_171' title='bbox 1307 1516 1408 1557; x_wconf 89' lang='lat' dir='ltr'>mis-</span> 
     </span>
     <span class='ocr_line' id='line_1_24' title="bbox 58 1572 1410 1628; baseline 0 -14"><span class='ocrx_word' id='word_1_172' title='bbox 58 1588 153 1614; x_wconf 91' lang='lat' dir='ltr'>sum</span> <span class='ocrx_word' id='word_1_173' title='bbox 184 1587 276 1614; x_wconf 86' lang='lat' dir='ltr'>esse</span> <span class='ocrx_word' id='word_1_174' title='bbox 307 1572 378 1614; x_wconf 81' lang='lat' dir='ltr'>vel</span> <span class='ocrx_word' id='word_1_175' title='bbox 410 1587 462 1613; x_wconf 85' lang='lat' dir='ltr'>ex</span> <span class='ocrx_word' id='word_1_176' title='bbox 493 1588 544 1613; x_wconf 90' lang='lat' dir='ltr'>eo</span> <span class='ocrx_word' id='word_1_177' title='bbox 567 1587 774 1627; x_wconf 80' lang='lat' dir='ltr'>apparere</span> <span class='ocrx_word' id='word_1_178' title='bbox 794 1573 1041 1627; x_wconf 74' lang='lat' dir='ltr'>arbitratur,</span> <span class='ocrx_word' id='word_1_179' title='bbox 1075 1574 1191 1628; x_wconf 90' lang='lat' dir='ltr'>quod</span> <span class='ocrx_word' id='word_1_180' title='bbox 1210 1574 1410 1627; x_wconf 63' lang='lat' dir='ltr'>neglecta</span> 
     </span>
     <span class='ocr_line' id='line_1_25' title="bbox 57 1624 1405 1687; baseline 0.001 -16"><span class='ocrx_word' id='word_1_181' title='bbox 57 1645 102 1671; x_wconf 86' lang='lat' dir='ltr'>re</span> <span class='ocrx_word' id='word_1_182' title='bbox 144 1629 342 1671; x_wconf 82' lang='lat' dir='ltr'>familiari</span> <span class='ocrx_word' id='word_1_183' title='bbox 369 1635 580 1684; x_wconf 88' lang='lat' dir='ltr'>perpetuo</span> <span class='ocrx_word' id='word_1_184' title='bbox 621 1629 776 1670; x_wconf 76' lang='lat' dir='ltr'>vixerit</span> <span class='ocrx_word' id='word_1_185' title='bbox 814 1630 858 1671; x_wconf 88' lang='lat' dir='ltr'>in</span> <span class='ocrx_word' id='word_1_186' title='bbox 904 1631 1088 1672; x_wconf 82' lang='lat' dir='ltr'>maxima</span> <span class='ocrx_word' id='word_1_187' title='bbox 1128 1624 1405 1687; x_wconf 64' lang='lat' dir='ltr'>paupertate,</span> 
     </span>
     <span class='ocr_line' id='line_1_26' title="bbox 58 1685 1409 1743; baseline 0 -16"><span class='ocrx_word' id='word_1_188' title='bbox 58 1685 165 1727; x_wconf 89' lang='lat' dir='ltr'>illud</span> <span class='ocrx_word' id='word_1_189' title='bbox 196 1701 330 1743; x_wconf 84' lang='lat' dir='ltr'>agens</span> <span class='ocrx_word' id='word_1_190' title='bbox 361 1686 503 1731; x_wconf 78' lang='lat' dir='ltr'>unice.</span> <span class='ocrx_word' id='word_1_191' title='bbox 534 1692 582 1727; x_wconf 88' lang='lat' dir='ltr'>ut</span> <span class='ocrx_word' id='word_1_192' title='bbox 612 1687 785 1730; x_wconf 71' lang='lat' dir='ltr'>virtutis</span> <span class='ocrx_word' id='word_1_193' title='bbox 818 1699 860 1728; x_wconf 85' lang='lat' dir='ltr'>et</span> <span class='ocrx_word' id='word_1_194' title='bbox 890 1688 1128 1742; x_wconf 72' lang='lat' dir='ltr'>sapientiae</span> <span class='ocrx_word' id='word_1_195' title='bbox 1160 1703 1316 1730; x_wconf 80' lang='lat' dir='ltr'>caussa</span> <span class='ocrx_word' id='word_1_196' title='bbox 1344 1688 1409 1728; x_wconf 86' lang='lat' dir='ltr'>iu-</span> 
     </span>
     <span class='ocr_line' id='line_1_27' title="bbox 57 1743 1408 1799; baseline 0.001 -15"><span class='ocrx_word' id='word_1_197' title='bbox 57 1749 231 1785; x_wconf 83' lang='lat' dir='ltr'>varetur</span> <span class='ocrx_word' id='word_1_198' title='bbox 261 1758 311 1785; x_wconf 87' lang='lat' dir='ltr'>ac</span> <span class='ocrx_word' id='word_1_199' title='bbox 341 1749 659 1793; x_wconf 84' lang='lat' dir='ltr'>sustentaretur</span> <span class='ocrx_word' id='word_1_200' title='bbox 689 1747 751 1799; x_wconf 89' lang='lat' dir='ltr'>(p.</span> <span class='ocrx_word' id='word_1_201' title='bbox 783 1746 850 1785; x_wconf 79' lang='lat'>30.</span> <span class='ocrx_word' id='word_1_202' title='bbox 881 1743 930 1786; x_wconf 91' lang='lat' dir='ltr'>C.</span> <span class='ocrx_word' id='word_1_203' title='bbox 950 1770 1005 1775; x_wconf 82' lang='lat'>—</span> <span class='ocrx_word' id='word_1_204' title='bbox 1024 1747 1091 1787; x_wconf 87' lang='lat'>31.</span> <span class='ocrx_word' id='word_1_205' title='bbox 1126 1745 1213 1799; x_wconf 72' lang='lat' dir='ltr'>R).</span> <span class='ocrx_word' id='word_1_206' title='bbox 1234 1770 1289 1776; x_wconf 87' lang='lat'>—-</span> <span class='ocrx_word' id='word_1_207' title='bbox 1324 1745 1408 1786; x_wconf 89' lang='lat' dir='ltr'>His</span> 
     </span>
     <span class='ocr_line' id='line_1_28' title="bbox 57 1800 1408 1858; baseline 0.001 -18"><span class='ocrx_word' id='word_1_208' title='bbox 57 1815 159 1842; x_wconf 81' lang='lat' dir='ltr'>vero</span> <span class='ocrx_word' id='word_1_209' title='bbox 190 1801 399 1856; x_wconf 78' lang='lat' dir='ltr'>expositis</span> <span class='ocrx_word' id='word_1_210' title='bbox 430 1800 492 1840; x_wconf 86' lang='lat' dir='ltr'>ad·</span> <span class='ocrx_word' id='word_1_211' title='bbox 514 1800 646 1840; x_wconf 87' lang='lat' dir='ltr'>vitam</span> <span class='ocrx_word' id='word_1_212' title='bbox 678 1801 895 1856; x_wconf 82' lang='lat' dir='ltr'>publicam</span> <span class='ocrx_word' id='word_1_213' title='bbox 925 1816 1047 1842; x_wconf 87' lang='lat' dir='ltr'>suam</span> <span class='ocrx_word' id='word_1_214' title='bbox 1078 1802 1408 1858; x_wconf 77' lang='lat' dir='ltr'>transgreditur.</span> 
     </span>
     <span class='ocr_line' id='line_1_29' title="bbox 57 1856 1409 1914; baseline -0.001 -15"><span class='ocrx_word' id='word_1_215' title='bbox 57 1857 260 1899; x_wconf 83' lang='lat' dir='ltr'>Mirabile</span> <span class='ocrx_word' id='word_1_216' title='bbox 291 1857 403 1897; x_wconf 88' lang='lat' dir='ltr'>enim</span> <span class='ocrx_word' id='word_1_217' title='bbox 433 1856 580 1897; x_wconf 88' lang='lat' dir='ltr'>multis</span> <span class='ocrx_word' id='word_1_218' title='bbox 609 1857 748 1898; x_wconf 79' lang='lat' dir='ltr'>visum</span> <span class='ocrx_word' id='word_1_219' title='bbox 779 1857 833 1898; x_wconf 89' lang='lat' dir='ltr'>iri</span> <span class='ocrx_word' id='word_1_220' title='bbox 862 1857 980 1911; x_wconf 87' lang='lat' dir='ltr'>dicit,</span> <span class='ocrx_word' id='word_1_221' title='bbox 1014 1858 1132 1913; x_wconf 87' lang='lat' dir='ltr'>quod</span> <span class='ocrx_word' id='word_1_222' title='bbox 1161 1874 1294 1912; x_wconf 84' lang='lat' dir='ltr'>quum</span> <span class='ocrx_word' id='word_1_223' title='bbox 1321 1859 1409 1914; x_wconf 86' lang='lat' dir='ltr'>pri-</span> 
     </span>
     <span class='ocr_line' id='line_1_30' title="bbox 57 1912 1410 1970; baseline 0.001 -17"><span class='ocrx_word' id='word_1_224' title='bbox 57 1913 188 1954; x_wconf 79' lang='lat' dir='ltr'>vatim</span> <span class='ocrx_word' id='word_1_225' title='bbox 219 1913 402 1969; x_wconf 78' lang='lat' dir='ltr'>singulis</span> <span class='ocrx_word' id='word_1_226' title='bbox 433 1912 638 1968; x_wconf 84' lang='lat' dir='ltr'>prodesse</span> <span class='ocrx_word' id='word_1_227' title='bbox 670 1913 898 1968; x_wconf 84' lang='lat' dir='ltr'>studuerit,</span> <span class='ocrx_word' id='word_1_228' title='bbox 930 1921 1073 1957; x_wconf 86' lang='lat' dir='ltr'>tamen</span> <span class='ocrx_word' id='word_1_229' title='bbox 1105 1916 1279 1970; x_wconf 84' lang='lat' dir='ltr'>publice</span> <span class='ocrx_word' id='word_1_230' title='bbox 1305 1915 1410 1956; x_wconf 87' lang='lat' dir='ltr'>civi-</span> 
     </span>
     <span class='ocr_line' id='line_1_31' title="bbox 59 1969 1409 2029; baseline 0.001 -19"><span class='ocrx_word' id='word_1_231' title='bbox 59 1969 136 2010; x_wconf 85' lang='lat' dir='ltr'>tati</span> <span class='ocrx_word' id='word_1_232' title='bbox 165 1971 391 2012; x_wconf 88' lang='lat' dir='ltr'>consulere</span> <span class='ocrx_word' id='word_1_233' title='bbox 422 1970 620 2011; x_wconf 87' lang='lat' dir='ltr'>noluerit.</span> <span class='ocrx_word' id='word_1_234' title='bbox 681 1969 817 2012; x_wconf 91' lang='lat' dir='ltr'>Cuius</span> <span class='ocrx_word' id='word_1_235' title='bbox 857 1972 919 2012; x_wconf 88' lang='lat' dir='ltr'>rei</span> <span class='ocrx_word' id='word_1_236' title='bbox 959 1987 1156 2014; x_wconf 75' lang='lat' dir='ltr'>caussam</span> <span class='ocrx_word' id='word_1_237' title='bbox 1193 1973 1353 2029; x_wconf 87' lang='lat' dir='ltr'>repetit</span> <span class='ocrx_word' id='word_1_238' title='bbox 1384 1988 1409 2012; x_wconf 84' lang='lat' dir='ltr'>a</span> 
     </span>
     <span class='ocr_line' id='line_1_32' title="bbox 60 2026 1409 2085; baseline 0.002 -18"><span class='ocrx_word' id='word_1_239' title='bbox 60 2026 275 2068; x_wconf 86' lang='lat' dir='ltr'>daemonii</span> <span class='ocrx_word' id='word_1_240' title='bbox 305 2026 621 2079; x_wconf 83' lang='lat' dir='ltr'>admonitione,</span> <span class='ocrx_word' id='word_1_241' title='bbox 663 2043 749 2082; x_wconf 87' lang='lat' dir='ltr'>qua</span> <span class='ocrx_word' id='word_1_242' title='bbox 779 2041 950 2083; x_wconf 85' lang='lat' dir='ltr'>semper</span> <span class='ocrx_word' id='word_1_243' title='bbox 979 2044 1004 2070; x_wconf 82' lang='lat' dir='ltr'>a</span> <span class='ocrx_word' id='word_1_244' title='bbox 1032 2030 1302 2085; x_wconf 87' lang='lat' dir='ltr'>publicorum</span> <span class='ocrx_word' id='word_1_245' title='bbox 1334 2045 1409 2071; x_wconf 89' lang='lat' dir='ltr'>ne-</span> 
     </span>
     <span class='ocr_line' id='line_1_33' title="bbox 58 2083 1408 2141; baseline 0.002 -17"><span class='ocrx_word' id='word_1_246' title='bbox 58 2083 276 2140; x_wconf 83' lang='lat' dir='ltr'>gotiorum</span> <span class='ocrx_word' id='word_1_247' title='bbox 312 2083 686 2125; x_wconf 85' lang='lat' dir='ltr'>administratione</span> <span class='ocrx_word' id='word_1_248' title='bbox 727 2092 936 2127; x_wconf 80' lang='lat' dir='ltr'>avocatus</span> <span class='ocrx_word' id='word_1_249' title='bbox 981 2086 1038 2128; x_wconf 87' lang='lat' dir='ltr'>sit</span> <span class='ocrx_word' id='word_1_250' title='bbox 1067 2093 1196 2141; x_wconf 86' lang='lat' dir='ltr'>atque</span> <span class='ocrx_word' id='word_1_251' title='bbox 1228 2086 1408 2128; x_wconf 83' lang='lat' dir='ltr'>deterri-</span> 
     </span>
     <span class='ocr_line' id='line_1_34' title="bbox 58 2140 1407 2198; baseline 0.002 -16"><span class='ocrx_word' id='word_1_252' title='bbox 58 2147 143 2182; x_wconf 90' lang='lat' dir='ltr'>tus.</span> <span class='ocrx_word' id='word_1_253' title='bbox 203 2140 299 2183; x_wconf 82' lang='lat' dir='ltr'>Nec</span> <span class='ocrx_word' id='word_1_254' title='bbox 327 2157 430 2183; x_wconf 79' lang='lat' dir='ltr'>vero</span> <span class='ocrx_word' id='word_1_255' title='bbox 461 2156 506 2182; x_wconf 92' lang='lat' dir='ltr'>se</span> <span class='ocrx_word' id='word_1_256' title='bbox 537 2140 735 2183; x_wconf 84' lang='lat' dir='ltr'>dubitare</span> <span class='ocrx_word' id='word_1_257' title='bbox 764 2143 994 2198; x_wconf 85' lang='lat' dir='ltr'>profitetur</span> <span class='ocrx_word' id='word_1_258' title='bbox 1022 2144 1215 2185; x_wconf 79' lang='lat' dir='ltr'>tuturum</span> <span class='ocrx_word' id='word_1_259' title='bbox 1255 2144 1407 2196; x_wconf 87' lang='lat' dir='ltr'>fuisse,</span> 
     </span>
     <span class='ocr_line' id='line_1_35' title="bbox 58 2197 1409 2254; baseline 0.002 -16"><span class='ocrx_word' id='word_1_260' title='bbox 58 2204 120 2251; x_wconf 89' lang='lat' dir='ltr'>ut,</span> <span class='ocrx_word' id='word_1_261' title='bbox 153 2198 188 2239; x_wconf 90' lang='lat' dir='ltr'>si</span> <span class='ocrx_word' id='word_1_262' title='bbox 220 2198 318 2239; x_wconf 91' lang='lat' dir='ltr'>olim</span> <span class='ocrx_word' id='word_1_263' title='bbox 349 2197 404 2239; x_wconf 90' lang='lat' dir='ltr'>ad</span> <span class='ocrx_word' id='word_1_264' title='bbox 435 2198 743 2253; x_wconf 84' lang='lat' dir='ltr'>rempublicam</span> <span class='ocrx_word' id='word_1_265' title='bbox 775 2200 1046 2254; x_wconf 85' lang='lat' dir='ltr'>accessisset,</span> <span class='ocrx_word' id='word_1_266' title='bbox 1078 2201 1241 2243; x_wconf 86' lang='lat' dir='ltr'>dudum</span> <span class='ocrx_word' id='word_1_267' title='bbox 1272 2207 1409 2242; x_wconf 85' lang='lat' dir='ltr'>morte</span> 
     </span>
     <span class='ocr_line' id='line_1_36' title="bbox 61 2255 1407 2311; baseline 0.003 -17"><span class='ocrx_word' id='word_1_268' title='bbox 61 2261 176 2295; x_wconf 80' lang='lat' dir='ltr'>esset</span> <span class='ocrx_word' id='word_1_269' title='bbox 204 2255 448 2297; x_wconf 87' lang='lat' dir='ltr'>mulctatus.</span> <span class='ocrx_word' id='word_1_270' title='bbox 508 2255 735 2297; x_wconf 85' lang='lat' dir='ltr'>Neminem</span> <span class='ocrx_word' id='word_1_271' title='bbox 767 2256 905 2310; x_wconf 88' lang='lat' dir='ltr'>enim,</span> <span class='ocrx_word' id='word_1_272' title='bbox 949 2258 1020 2311; x_wconf 90' lang='lat' dir='ltr'>qui</span> <span class='ocrx_word' id='word_1_273' title='bbox 1062 2265 1178 2299; x_wconf 85' lang='lat' dir='ltr'>recte</span> <span class='ocrx_word' id='word_1_274' title='bbox 1208 2259 1407 2311; x_wconf 81' lang='lat' dir='ltr'>iusteque</span> 
     </span>
     <span class='ocr_line' id='line_1_37' title="bbox 61 2312 1408 2370; baseline 0.004 -19"><span class='ocrx_word' id='word_1_275' title='bbox 61 2317 174 2367; x_wconf 84' lang='lat' dir='ltr'>agat,</span> <span class='ocrx_word' id='word_1_276' title='bbox 206 2312 247 2351; x_wconf 89' lang='lat' dir='ltr'>in</span> <span class='ocrx_word' id='word_1_277' title='bbox 280 2312 355 2352; x_wconf 86' lang='lat' dir='ltr'>tali</span> <span class='ocrx_word' id='word_1_278' title='bbox 384 2312 557 2354; x_wconf 83' lang='lat' dir='ltr'>civitate</span> <span class='ocrx_word' id='word_1_279' title='bbox 587 2313 753 2353; x_wconf 86' lang='lat' dir='ltr'>salvum</span> <span class='ocrx_word' id='word_1_280' title='bbox 785 2320 829 2354; x_wconf 90' lang='lat' dir='ltr'>et</span> <span class='ocrx_word' id='word_1_281' title='bbox 857 2313 1113 2356; x_wconf 88' lang='lat' dir='ltr'>incolumem</span> <span class='ocrx_word' id='word_1_282' title='bbox 1147 2330 1276 2370; x_wconf 84' lang='lat' dir='ltr'>posse</span> <span class='ocrx_word' id='word_1_283' title='bbox 1308 2330 1408 2355; x_wconf 82' lang='lat' dir='ltr'>eva-</span> 
     </span>
     <span class='ocr_line' id='line_1_38' title="bbox 61 2366 1409 2426; baseline 0.004 -19"><span class='ocrx_word' id='word_1_284' title='bbox 61 2366 185 2420; x_wconf 86' lang='lat' dir='ltr'>dere,</span> <span class='ocrx_word' id='word_1_285' title='bbox 218 2368 300 2409; x_wconf 86' lang='lat' dir='ltr'>nisi</span> <span class='ocrx_word' id='word_1_286' title='bbox 330 2368 459 2409; x_wconf 83' lang='lat' dir='ltr'>vitam</span> <span class='ocrx_word' id='word_1_287' title='bbox 491 2368 622 2424; x_wconf 82' lang='lat' dir='ltr'>degat</span> <span class='ocrx_word' id='word_1_288' title='bbox 651 2370 886 2425; x_wconf 68' lang='lat' dir='ltr'>privatamg</span> <span class='ocrx_word' id='word_1_289' title='bbox 931 2386 1024 2413; x_wconf 77' lang='lat' dir='ltr'>sese</span> <span class='ocrx_word' id='word_1_290' title='bbox 1068 2381 1209 2412; x_wconf 87' lang='lat' dir='ltr'>autem</span> <span class='ocrx_word' id='word_1_291' title='bbox 1241 2386 1409 2426; x_wconf 85' lang='lat' dir='ltr'>semper</span> 
     </span>
     <span class='ocr_line' id='line_1_39' title="bbox 58 2425 1408 2482; baseline 0.002 -17"><span class='ocrx_word' id='word_1_292' title='bbox 58 2425 269 2466; x_wconf 86' lang='lat' dir='ltr'>iustitiam</span> <span class='ocrx_word' id='word_1_293' title='bbox 301 2431 344 2466; x_wconf 89' lang='lat' dir='ltr'>et</span> <span class='ocrx_word' id='word_1_294' title='bbox 374 2425 643 2466; x_wconf 83' lang='lat' dir='ltr'>honestatem</span> <span class='ocrx_word' id='word_1_295' title='bbox 675 2427 799 2468; x_wconf 85' lang='lat' dir='ltr'>etiam</span> <span class='ocrx_word' id='word_1_296' title='bbox 831 2427 874 2468; x_wconf 90' lang='lat' dir='ltr'>in</span> <span class='ocrx_word' id='word_1_297' title='bbox 896 2428 1165 2482; x_wconf 87' lang='lat' dir='ltr'>publicorum</span> <span class='ocrx_word' id='word_1_298' title='bbox 1185 2444 1408 2470; x_wconf 85' lang='lat' dir='ltr'>munerum</span> 
     </span>
     <span class='ocr_line' id='line_1_40' title="bbox 59 2481 1408 2540; baseline 0.003 -18"><span class='ocrx_word' id='word_1_299' title='bbox 59 2481 430 2523; x_wconf 83' lang='lat' dir='ltr'>administratione</span> <span class='ocrx_word' id='word_1_300' title='bbox 459 2483 593 2524; x_wconf 74' lang='lat' dir='ltr'>tuisse</span> <span class='ocrx_word' id='word_1_301' title='bbox 621 2490 927 2537; x_wconf 87' lang='lat' dir='ltr'>sequuturum,</span> <span class='ocrx_word' id='word_1_302' title='bbox 958 2485 1027 2526; x_wconf 88' lang='lat' dir='ltr'>vel</span> <span class='ocrx_word' id='word_1_303' title='bbox 1058 2501 1111 2526; x_wconf 77' lang='lat' dir='ltr'>ex</span> <span class='ocrx_word' id='word_1_304' title='bbox 1142 2501 1192 2526; x_wconf 89' lang='lat' dir='ltr'>eo</span> <span class='ocrx_word' id='word_1_305' title='bbox 1223 2485 1408 2540; x_wconf 81' lang='lat' dir='ltr'>intelligi</span> 
     </span>
     <span class='ocr_line' id='line_1_41' title="bbox 60 2538 1407 2598; baseline 0.003 -19"><span class='ocrx_word' id='word_1_306' title='bbox 60 2538 239 2592; x_wconf 85' lang='lat' dir='ltr'>debere,</span> <span class='ocrx_word' id='word_1_307' title='bbox 292 2538 409 2593; x_wconf 87' lang='lat' dir='ltr'>quod</span> <span class='ocrx_word' id='word_1_308' title='bbox 458 2539 557 2580; x_wconf 89' lang='lat' dir='ltr'>olim</span> <span class='ocrx_word' id='word_1_309' title='bbox 606 2545 649 2580; x_wconf 87' lang='lat' dir='ltr'>et</span> <span class='ocrx_word' id='word_1_310' title='bbox 697 2540 959 2581; x_wconf 85' lang='lat' dir='ltr'>democratia</span> <span class='ocrx_word' id='word_1_311' title='bbox 1014 2543 1189 2598; x_wconf 71' lang='lat' dir='ltr'>vigente</span> <span class='ocrx_word' id='word_1_312' title='bbox 1236 2542 1407 2583; x_wconf 74' lang='lat' dir='ltr'>iniustis</span> 
     </span>
     <span class='ocr_line' id='line_1_42' title="bbox 58 2595 1407 2655; baseline 0.002 -19"><span class='ocrx_word' id='word_1_313' title='bbox 58 2595 207 2651; x_wconf 83' lang='lat' dir='ltr'>populi</span> <span class='ocrx_word' id='word_1_314' title='bbox 235 2596 426 2638; x_wconf 88' lang='lat' dir='ltr'>consiliis</span> <span class='ocrx_word' id='word_1_315' title='bbox 469 2595 674 2637; x_wconf 78' lang='lat' dir='ltr'>restiterit</span> <span class='ocrx_word' id='word_1_316' title='bbox 711 2603 754 2638; x_wconf 88' lang='lat' dir='ltr'>et</span> <span class='ocrx_word' id='word_1_317' title='bbox 791 2598 870 2638; x_wconf 84' lang='lat' dir='ltr'>sub</span> <span class='ocrx_word' id='word_1_318' title='bbox 902 2595 1083 2655; x_wconf 69' lang='lat' dir='ltr'>triginta</span> <span class='ocrx_word' id='word_1_319' title='bbox 1112 2599 1300 2640; x_wconf 84' lang='lat' dir='ltr'>virorum</span> <span class='ocrx_word' id='word_1_320' title='bbox 1328 2599 1407 2639; x_wconf 89' lang='lat' dir='ltr'>im-</span> 
     </span>
     <span class='ocr_line' id='line_1_43' title="bbox 59 2653 1407 2709; baseline 0.002 -16"><span class='ocrx_word' id='word_1_321' title='bbox 59 2653 178 2707; x_wconf 86' lang='lat' dir='ltr'>perio</span> <span class='ocrx_word' id='word_1_322' title='bbox 212 2659 491 2709; x_wconf 68' lang='lat' dir='ltr'>tyrannorum</span> <span class='ocrx_word' id='word_1_323' title='bbox 530 2653 652 2694; x_wconf 88' lang='lat' dir='ltr'>minis</span> <span class='ocrx_word' id='word_1_324' title='bbox 692 2654 797 2694; x_wconf 90' lang='lat' dir='ltr'>nihil</span> <span class='ocrx_word' id='word_1_325' title='bbox 836 2654 1038 2697; x_wconf 87' lang='lat' dir='ltr'>tribuerit</span> <span class='ocrx_word' id='word_1_326' title='bbox 1068 2662 1111 2696; x_wconf 89' lang='lat' dir='ltr'>et</span> <span class='ocrx_word' id='word_1_327' title='bbox 1142 2656 1407 2697; x_wconf 86' lang='lat' dir='ltr'>concesserit</span> 
     </span>
     <span class='ocr_line' id='line_1_44' title="bbox 60 2709 1406 2773; baseline 0.001 -22"><span class='ocrx_word' id='word_1_328' title='bbox 60 2709 125 2773; x_wconf 62' lang='lat' dir='ltr'>(p,</span> <span class='ocrx_word' id='word_1_329' title='bbox 157 2711 224 2751; x_wconf 84' lang='lat'>31.</span> <span class='ocrx_word' id='word_1_330' title='bbox 258 2709 309 2752; x_wconf 88' lang='lat' dir='ltr'>C.</span> <span class='ocrx_word' id='word_1_331' title='bbox 340 2736 395 2740; x_wconf 89' lang='lat'>—</span> <span class='ocrx_word' id='word_1_332' title='bbox 424 2727 465 2766; x_wconf 91' lang='lat' dir='ltr'>p.</span> <span class='ocrx_word' id='word_1_333' title='bbox 498 2711 564 2751; x_wconf 76' lang='lat'>32.</span> <span class='ocrx_word' id='word_1_334' title='bbox 596 2709 682 2763; x_wconf 81' lang='lat' dir='ltr'>E..)</span> <span class='ocrx_word' id='word_1_335' title='bbox 743 2711 825 2752; x_wconf 90' lang='lat' dir='ltr'>His</span> <span class='ocrx_word' id='word_1_336' title='bbox 872 2711 1015 2765; x_wconf 83' lang='lat' dir='ltr'>addit,</span> <span class='ocrx_word' id='word_1_337' title='bbox 1058 2728 1139 2754; x_wconf 86' lang='lat' dir='ltr'>nec</span> <span class='ocrx_word' id='word_1_338' title='bbox 1180 2712 1406 2769; x_wconf 86' lang='lat' dir='ltr'>discipulis</span> 
     </span>
    </p>
   </div>
   <div class='ocr_carea' id='block_1_3' title="bbox 60 2766 1404 2826">
    <p class='ocr_par' dir='ltr' id='par_1_3' title="bbox 60 2766 1404 2826">
     <span class='ocr_line' id='line_1_45' title="bbox 60 2766 1404 2826; baseline 0.004 -20"><span class='ocrx_word' id='word_1_339' title='bbox 60 2779 149 2807; x_wconf 84' lang='lat' dir='ltr'>suls</span> <span class='ocrx_word' id='word_1_340' title='bbox 180 2767 383 2822; x_wconf 70' lang='lat' dir='ltr'>privatim</span> <span class='ocrx_word' id='word_1_341' title='bbox 413 2766 649 2822; x_wconf 85' lang='lat' dir='ltr'>quidquam</span> <span class='ocrx_word' id='word_1_342' title='bbox 679 2767 829 2809; x_wconf 77' lang='lat' dir='ltr'>iniusti</span> <span class='ocrx_word' id='word_1_343' title='bbox 860 2784 1062 2823; x_wconf 86' lang='lat' dir='ltr'>umquam</span> <span class='ocrx_word' id='word_1_344' title='bbox 1095 2786 1118 2811; x_wconf 87' lang='lat' dir='ltr'>a</span> <span class='ocrx_word' id='word_1_345' title='bbox 1150 2785 1195 2812; x_wconf 92' lang='lat' dir='ltr'>se</span> <span class='ocrx_word' id='word_1_346' title='bbox 1226 2770 1404 2826; x_wconf 86' lang='lat' dir='ltr'>permis-</span> 
     </span>
    </p>
   </div>
  </div>
 </body>
</html>
