1644 3039
1189 211 1375 255 XXXV

28 326 235 385 gradibus
265 326 491 383 paullatim
521 325 577 367 ad
606 340 698 367 eam
733 326 980 381 pervenerit
1003 339 1207 368 sensuum
1229 330 1270 367 et
1301 339 1374 367 co-

26 385 258 441 gitatorum
289 384 609 437 sublimitatem,
631 397 759 436 quam
782 382 821 423 ei
847 383 1066 438 propriam
1099 397 1193 424 esse
1225 395 1374 424 omnes

26 441 324 492 consentiunt3
357 440 539 495 denique
561 440 718 494 quibus
750 439 966 481 scribendi
999 455 1048 481 ac
1079 437 1266 481 docendi
1298 455 1375 494 op-

24 498 365 555 portunitatibus
404 512 507 539 usus
546 497 680 539 libros
725 511 826 538 suos
865 497 909 538 in
949 497 1173 551 publicum
1200 495 1375 552 prodire

24 555 224 606 iusserit3
255 570 343 596 non
370 560 528 596 temere
558 553 757 594 videmur
794 553 878 594 tria
909 554 1184 609 potissimum
1215 567 1376 609 genera

26 617 71 654 et
100 612 260 654 classes
290 611 546 667 scriptorum
575 610 901 652 Platonicorum
937 610 977 665 *)
1009 626 1086 666 pro
1118 616 1374 665 temporum,

27 669 185 724 quibus
222 666 477 725 consignata
514 674 638 721 sunt,
672 666 924 709 diversitate
967 682 1015 709 ac
1057 682 1136 722 pro
1169 666 1376 708 varietate

27 732 378 782 argumentorum
416 739 467 767 ac
511 724 753 767 disserendi
792 724 997 778 rationis,
1042 739 1128 779 qua
1166 739 1270 766 usus
1311 729 1378 764 est.

25 782 326 840 philosophus,
358 781 604 824 discernere
635 788 679 824 et
709 788 911 824 statuere.

30 898 260 906 -——-·-—-—

49 964 87 1006 ⁸³)
116 963 253 996 Variam
281 975 322 996 ac
346 965 520 997 diversam
547 965 641 997 omni
667 970 824 1006 tempore
850 965 960 996 critici
986 964 1141 995 inierunt
1167 963 1377 1003 scriptorum

115 1010 382 1053 Blatonicorum
409 1013 680 1053 digerendorum
713 1017 818 1053 atque
851 1017 946 1043 certo
980 1011 1131 1052 quodam
1158 1010 1280 1041 ordine
1308 1009 1378 1040 dis-

117 1057 361 1098 ponendorum
388 1059 715 1100 iungendorumque
738 1059 922 1091 rationem.
972 1057 1081 1088 Primi
1105 1056 1280 1096 editores,
1307 1055 1378 1088 Al-

119 1104 198 1135 dus
250 1108 284 1135 et
326 1104 663 1143 Basilieenses,
712 1107 822 1136 sec-uti
859 1109 940 1136 sunt
977 1103 1281 1144 Thrasyllum,
1321 1102 1380 1143 qui

117 1154 261 1182 auctore
286 1148 489 1183 Scholiasta
515 1151 691 1183 luvenalis
717 1152 761 1183 ad
788 1150 861 1182 Sat.
880 1151 895 1181 Χ
908 1151 934 1182 Ι.
951 1150 1032 1184 ὃῖθ.
1050 1161 1083 1191 p.
1098 1150 1175 1183 257.
1193 1149 1235 1180 ed
1254 1148 1378 1181 Uram.

119 1196 197 1227 coll.
230 1195 412 1229 Sueton.
444 1197 562 1232 Tiber.
600 1210 628 1230 c.
661 1197 714 1231 14.
758 1197 896 1229 Tacit.
922 1198 1017 1228 Ann.
1049 1196 1104 1228 xl.
1133 1195 1242 1235 Qosq.
1268 1195 1378 1235 intpp.

118 1242 165 1273 ad
189 1242 298 1274 Dion.
326 1242 425 1275 Cass.
453 1245 496 1275 V.
522 1245 568 1275 Π.
593 1255 614 1286 p
665 1243 742 1278 783.
779 1245 832 1276 ed.
864 1243 1017 1274 Reimar.
1067 1242 1286 1273 Fabricio
1320 1240 1379 1271 Bi-

118 1288 241 1321 blioth.
269 1287 329 1319 Gr.
356 1289 424 1320 Vol
464 1289 521 1320 III
554 1301 585 1331 p.
607 1290 682 1323 190.
733 1291 886 1331 Augusti
913 1296 946 1320 et
962 1289 1097 1320 Tiberii
1123 1293 1237 1319 aetate
1262 1286 1380 1318 floruit

122 1338 157 1365 et
187 1335 375 1366 multarum
410 1336 537 1367 artium
572 1337 753 1368 scientiam
785 1336 966 1378 professus
998 1340 1176 1377 postremo
1216 1344 1252 1365 se
1284 1333 1381 1364 dedit

122 1385 237 1413 sectae
274 1380 482 1413 Platonicae
513 1393 554 1414 ac
587 1383 713 1414 deinde
752 1383 918 1418 mathesi,
951 1392 1020 1423 qua
1049 1382 1235 1422 praecipue
1268 1380 1381 1420 viguit

121 1427 213 1467 apud
231 1427 423 1459 Tiberium.
472 1428 509 1459 Is
535 1430 625 1460 enim
652 1434 740 1460 teste
758 1429 959 1469 Diogene
982 1428 1126 1458 Laert⁴
1157 1428 1220 1457 xit.
1240 1427 1378 1457 Platon.

119 1472 199 1503 Lib.
232 1472 298 1504 ΙΙΙ.
333 1471 362 1512 ξ.
397 1473 452 1507 56.
484 1478 518 1505 et
551 1475 720 1506 Albino
758 1475 914 1515 Isagogq
938 1475 974 1505 in
1014 1474 1140 1514 philos.
1167 1473 1307 1504 Platon.
1333 1473 1379 1505 in.

119 1518 231 1550 libros
258 1518 418 1551 Platonis
454 1521 643 1552 secundum
671 1522 875 1561 tetralogias
901 1521 1078 1551 distribuit
1111 1519 1155 1550 ad
1185 1519 1381 1560 exemplum

118 1570 303 1607 poetarum
336 1566 571 1605 scenicorum,
606 1569 666 1608 qui
698 1568 896 1599 fabularum
929 1567 1133 1607 tetralogias
1166 1566 1201 1596 in
1241 1576 1381 1597 scenam

120 1612 310 1644 dedissent.
359 1610 553 1653 complexa
577 1620 695 1646 autem
720 1615 907 1646 secundum
934 1614 1007 1644 eius
1032 1613 1240 1644 sententiam
1267 1613 1381 1654 prima

119 1658 309 1699 tetralogia
333 1662 403 1689 est:
450 1659 754 1701 Euthyphrouem.
770 1660 985 1701 Apologiam
1000 1659 1167 1692 Socratis.
1189 1658 1380 1700 Critonem,

120 1704 365 1742 Phaedonem,
393 1706 548 1737 secunda
574 1708 768 1747 (ssrarylum‚
797 1706 1039 1746 Theaetetum,
1069 1706 1283 1746 sophistam.
1312 1706 1381 1737 Po-

122 1751 273 1790 liticum3
296 1751 400 1782 tertia
412 1751 675 1784 Parmenidem.
692 1752 888 1792 Philebum,
907 1752 1141 1794 symposium,
1163 1752 1380 1790 Phaedrum3

122 1803 248 1839 quarta
277 1797 497 1830 Alcibiadem
537 1799 564 1830 I.
598 1804 632 1830 et
661 1799 709 1830 ΙΙ.
766 1799 1028 1839 Hipparchum,
1061 1798 1225 1833 Erastas:
1261 1799 1382 1838 quinta

122 1843 319 1884 Theagem,
349 1842 588 1876 Charmidem.
618 1845 827 1883 Lachetem,
852 1845 1035 1885 Lysidem3
1070 1850 1169 1875 sexta
1200 1844 1382 1885 Euthyde-

123 1900 237 1928 mum,
277 1889 527 1929 Protagoram,
565 1889 753 1931 Gorgiam,
787 1891 995 1931 Menonem3
1034 1891 1182 1930 septima
1214 1891 1382 1932 HippIam

123 1936 292 1966 maiorem
317 1939 351 1965 et
376 1936 563 1970 minorem.
593 1936 721 1974 ionem,
747 1937 996 1978 Menexenum3
1024 1941 1149 1968 octava
1176 1936 1382 1978 Clitophon-

122 1986 211 2020 tem,
246 1979 431 2018 Politiam,
468 1982 670 2022 Timaeum,
707 1982 872 2022 Critiam3
905 1994 999 2015 nona
1031 1984 1181 2024 denique
1213 1984 1382 2023 Minoem,

124 2026 239 2068 Leges
255 2031 291 2057 et
305 2027 472 2059 tredecim
489 2028 677 2069 Epistolas.
726 2029 815 2061 Eam
841 2040 924 2061 vero
947 2030 1232 2061 distributionem
1250 2040 1383 2061 merum

125 2082 202 2104 esse
227 2074 532 2113 grammaticorum
562 2076 763 2116 inventum,
787 2086 899 2117 neque
940 2077 1130 2117 superioris
1164 2077 1382 2117 antiquitatis

123 2119 194 2150 fide
224 2123 259 2150 et
282 2120 490 2152 auctoritate
521 2121 604 2161 niti,
637 2122 740 2154 facile
765 2122 982 2163 intelligitur.
1030 2122 1120 2153 Nam
1134 2123 1284 2164 primum
1309 2124 1383 2164 qui-

125 2165 203 2202 dem
234 2165 297 2196 illa
328 2167 431 2198 etiam
464 2177 523 2198 eos
550 2169 793 2209 complectitur
818 2169 996 2210 dialogos,
1025 2179 1114 2209 quos
1140 2171 1277 2210 spurios
1305 2180 1384 2201 esse

127 2216 162 2243 et
188 2212 329 2242 Platoni
355 2222 418 2253 per
444 2214 570 2245 malam
595 2214 754 2249 fraudem
780 2217 984 2256 suppositos
1008 2215 1113 2246 hodie
1138 2226 1201 2256 pro
1229 2221 1322 2247 certo
1351 2221 1384 2247 et

126 2258 308 2298 explorato
332 2258 491 2291 habetur.
539 2261 675 2292 Deinde
708 2271 750 2292 ea
779 2271 946 2302 perquam
983 2267 1037 2292 cst
1066 2261 1165 2292 fatua
1193 2268 1227 2293 et
1252 2263 1383 2304 inepta,

125 2307 314 2344 propterea
337 2305 431 2345 quod
463 2305 573 2338 multa
597 2307 798 2339 idemtidem
836 2308 873 2338 in
905 2318 1012 2339 unum
1043 2308 1175 2348 iungit,
1204 2318 1291 2349 quae
1321 2319 1383 2349 per

131 2354 416 2389 argumentorum
430 2355 589 2384 naturam
607 2355 737 2385 arctius
751 2354 842 2384 inter
856 2355 933 2395 ipsa
947 2354 1045 2394 iungi
1059 2359 1092 2385 et
1106 2354 1262 2394 copulari
1281 2355 1384 2396 plane

129 2399 315 2436 nequeunt.
365 2396 552 2430 Praeterea
576 2409 660 2431 vero
687 2401 791 2431 etiam
814 2401 895 2431 ideo
930 2405 982 2432 est
1004 2410 1086 2432 vere
1109 2401 1276 2440 ridicula,
1303 2403 1386 2442 quia

128 2442 326 2482 tetralogiis
360 2447 515 2474 veterum
549 2450 733 2486 poetarum
763 2447 965 2488 neutiquam
993 2447 1200 2488 respondet,
1228 2449 1384 2487 quando-

131 2487 270 2529 quidem
302 2487 390 2518 nihil
421 2488 457 2519 in
490 2499 531 2520 ea
563 2493 749 2534 reperitur,
782 2493 876 2532 quod
912 2493 1040 2524 fabulis
1073 2493 1251 2533 satyricis,
1287 2504 1385 2525 more

128 2535 344 2574 tragicorum
370 2544 447 2565 cum
469 2536 622 2577 trilogiis
638 2538 850 2569 Fabularum
880 2540 1100 2575 consociatis,
1124 2539 1195 2569 ulla
1221 2549 1263 2569 ex
1287 2546 1385 2581 parte

129 2581 328 2611 conveniat.
388 2580 463 2612 Nec
498 2592 582 2614 vero
614 2585 658 2615 ad
689 2585 764 2616 eius
804 2585 1044 2625 antiquitatem
1081 2585 1385 2617 demonstrandam

129 2626 318 2667 quidquam
355 2627 465 2666 valet,
501 2629 594 2669 quod
620 2631 760 2662 Varro
786 2630 851 2663 De.
877 2631 1016 2669 Lingua
1046 2631 1162 2662 Latin.
1197 2631 1275 2663 Lib.
1300 2632 1384 2663 VII.

129 2671 226 2711 §.32
241 2672 287 2703 ad
298 2671 522 2705 Phaedonem
537 2677 724 2716 respiciens
738 2678 823 2708 haec
838 2677 995 2718 scripsit:
1012 2677 1140 2708 Plato
1159 2678 1202 2708 in
1229 2683 1384 2718 quarto

131 2717 184 2749 de
205 2717 475 2751 fluminibus
506 2723 614 2761 apud
639 2723 811 2754 inferos
838 2733 944 2764 quae
970 2723 1140 2764 sint,in
1160 2724 1230 2755 his
1251 2734 1386 2757 unum

131 2762 369 2795 Tartarum
401 2767 623 2807 appellat:
656 2770 748 2801 unde
785 2769 927 2800 fuerunt
970 2770 1029 2810 qui
1060 2780 1136 2801 eum
1164 2771 1386 2810 teti-alogiam

131 2809 278 2849 primam
309 2809 487 2852 Thrasylli
537 2813 580 2844 ob
616 2815 736 2846 oculos
779 2815 943 2847 habuisse
979 2816 1241 2849 contenderent,
1296 2816 1387 2849 Nam

1015 2875 1102 2918 C*
