<?xml version="1.0" encoding="UTF-8"?>
<!DOCTYPE html PUBLIC "-//W3C//DTD XHTML 1.0 Transitional//EN"
    "http://www.w3.org/TR/xhtml1/DTD/xhtml1-transitional.dtd">
<html xmlns="http://www.w3.org/1999/xhtml" xml:lang="en" lang="en">
 <head>
  <title>
</title>
<meta http-equiv="Content-Type" content="text/html;charset=utf-8" />
  <meta name='ocr-system' content='tesseract 3.04.00' />
  <meta name='ocr-capabilities' content='ocr_page ocr_carea ocr_par ocr_line ocrx_word'/>
</head>
<body>
  <div class='ocr_page' id='page_1' title='image "./n1operaomniarecens01platuoft/n1operaomniarecens01platuoft_0029.png"; bbox 0 0 1644 3039; ppageno 0'>
   <div class='ocr_carea' id='block_1_1' title="bbox 1238 165 1409 207">
    <p class='ocr_par' dir='ltr' id='par_1_1' title="bbox 1238 165 1409 207">
     <span class='ocr_line' id='line_1_1' title="bbox 1238 165 1409 207; baseline -0.006 0"><span class='ocrx_word' id='word_1_1' title='bbox 1238 165 1409 207; x_wconf 82' lang='lat' dir='ltr'><strong>XXIII</strong></span> 
     </span>
    </p>
   </div>
   <div class='ocr_carea' id='block_1_2' title="bbox 54 278 1410 1589">
    <p class='ocr_par' dir='ltr' id='par_1_2' title="bbox 54 278 1410 1589">
     <span class='ocr_line' id='line_1_2' title="bbox 58 278 1410 339; baseline -0.005 -13"><span class='ocrx_word' id='word_1_2' title='bbox 58 286 169 325; x_wconf 68' lang='lat' dir='ltr'>{ama</span> <span class='ocrx_word' id='word_1_3' title='bbox 199 284 263 337; x_wconf 74' lang='lat'>¹¹²),</span> <span class='ocrx_word' id='word_1_4' title='bbox 295 284 376 325; x_wconf 84' lang='lat' dir='ltr'>nisi</span> <span class='ocrx_word' id='word_1_5' title='bbox 409 299 505 325; x_wconf 89' lang='lat' dir='ltr'>eum</span> <span class='ocrx_word' id='word_1_6' title='bbox 539 281 861 339; x_wconf 85' lang='lat' dir='ltr'>prohibuissent</span> <span class='ocrx_word' id='word_1_7' title='bbox 891 281 1101 323; x_wconf 83' lang='lat' dir='ltr'>tumultus</span> <span class='ocrx_word' id='word_1_8' title='bbox 1134 278 1257 333; x_wconf 81' lang='lat' dir='ltr'>belli,</span> <span class='ocrx_word' id='word_1_9' title='bbox 1291 278 1410 332; x_wconf 86' lang='lat' dir='ltr'>quod</span> 
     </span>
     <span class='ocr_line' id='line_1_3' title="bbox 58 336 1407 395; baseline -0.004 -13"><span class='ocrx_word' id='word_1_10' title='bbox 58 357 108 383; x_wconf 89' lang='lat' dir='ltr'>eo</span> <span class='ocrx_word' id='word_1_11' title='bbox 140 349 333 395; x_wconf 86' lang='lat' dir='ltr'>tempore</span> <span class='ocrx_word' id='word_1_12' title='bbox 352 341 619 382; x_wconf 80' lang='lat' dir='ltr'><strong>Artaxerxes</strong></span> <span class='ocrx_word' id='word_1_13' title='bbox 641 338 847 380; x_wconf 87' lang='lat' dir='ltr'>adversus</span> <span class='ocrx_word' id='word_1_14' title='bbox 870 338 1115 395; x_wconf 81' lang='lat' dir='ltr'>Aegyptios</span> <span class='ocrx_word' id='word_1_15' title='bbox 1136 336 1317 392; x_wconf 85' lang='lat' dir='ltr'>parabat</span> <span class='ocrx_word' id='word_1_16' title='bbox 1329 336 1407 390; x_wconf 82' lang='lat'>**).</span> 
     </span>
     <span class='ocr_line' id='line_1_4' title="bbox 59 392 1409 454; baseline -0.004 -16"><span class='ocrx_word' id='word_1_17' title='bbox 59 398 215 452; x_wconf 86' lang='lat' dir='ltr'>Itaque</span> <span class='ocrx_word' id='word_1_18' title='bbox 245 397 416 439; x_wconf 83' lang='lat' dir='ltr'>circiter</span> <span class='ocrx_word' id='word_1_19' title='bbox 450 397 623 454; x_wconf 87' lang='lat' dir='ltr'>Olymp.</span> <span class='ocrx_word' id='word_1_20' title='bbox 655 393 848 437; x_wconf 84' lang='lat' dir='ltr'>XCVII.</span> <span class='ocrx_word' id='word_1_21' title='bbox 881 403 989 437; x_wconf 78' lang='lat' dir='ltr'>extr.</span> <span class='ocrx_word' id='word_1_22' title='bbox 1022 398 1089 447; x_wconf 73' lang='lat'>4.‚</span> <span class='ocrx_word' id='word_1_23' title='bbox 1119 394 1160 435; x_wconf 88' lang='lat' dir='ltr'>h.</span> <span class='ocrx_word' id='word_1_24' title='bbox 1193 408 1230 434; x_wconf 91' lang='lat' dir='ltr'>e.</span> <span class='ocrx_word' id='word_1_25' title='bbox 1259 392 1409 434; x_wconf 89' lang='lat' dir='ltr'>decem</span> 
     </span>
     <span class='ocr_line' id='line_1_5' title="bbox 57 451 1407 510; baseline -0.003 -14"><span class='ocrx_word' id='word_1_26' title='bbox 57 455 190 496; x_wconf 88' lang='lat' dir='ltr'>ferme</span> <span class='ocrx_word' id='word_1_27' title='bbox 220 454 342 497; x_wconf 83' lang='lat' dir='ltr'>annis</span> <span class='ocrx_word' id='word_1_28' title='bbox 373 463 473 510; x_wconf 87' lang='lat' dir='ltr'>post</span> <span class='ocrx_word' id='word_1_29' title='bbox 502 451 632 509; x_wconf 75' lang='lat' dir='ltr'>quam</span> <span class='ocrx_word' id='word_1_30' title='bbox 673 452 727 494; x_wconf 86' lang='lat' dir='ltr'>ad</span> <span class='ocrx_word' id='word_1_31' title='bbox 759 451 987 494; x_wconf 78' lang='lat' dir='ltr'>Euclidem</span> <span class='ocrx_word' id='word_1_32' title='bbox 1018 452 1322 508; x_wconf 81' lang='lat' dir='ltr'>Megarensem</span> <span class='ocrx_word' id='word_1_33' title='bbox 1362 464 1407 492; x_wconf 91' lang='lat' dir='ltr'>se</span> 
     </span>
     <span class='ocr_line' id='line_1_6' title="bbox 58 509 1410 565; baseline -0.004 -12"><span class='ocrx_word' id='word_1_34' title='bbox 58 510 314 564; x_wconf 83' lang='lat' dir='ltr'>contulerat,</span> <span class='ocrx_word' id='word_1_35' title='bbox 347 512 496 554; x_wconf 88' lang='lat' dir='ltr'>relicta</span> <span class='ocrx_word' id='word_1_36' title='bbox 527 511 678 552; x_wconf 88' lang='lat' dir='ltr'>Africa</span> <span class='ocrx_word' id='word_1_37' title='bbox 708 510 752 551; x_wconf 90' lang='lat' dir='ltr'>in</span> <span class='ocrx_word' id='word_1_38' title='bbox 776 509 999 565; x_wconf 85' lang='lat' dir='ltr'>Europam</span> <span class='ocrx_word' id='word_1_39' title='bbox 1030 523 1244 560; x_wconf 79' lang='lat' dir='ltr'>reversus,</span> <span class='ocrx_word' id='word_1_40' title='bbox 1278 522 1410 561; x_wconf 89' lang='lat' dir='ltr'>quum</span> 
     </span>
     <span class='ocr_line' id='line_1_7' title="bbox 57 564 1409 624; baseline -0.004 -15"><span class='ocrx_word' id='word_1_41' title='bbox 57 568 316 624; x_wconf 72' lang='lat' dir='ltr'>paullisper,</span> <span class='ocrx_word' id='word_1_42' title='bbox 348 575 397 610; x_wconf 92' lang='lat' dir='ltr'>ut</span> <span class='ocrx_word' id='word_1_43' title='bbox 425 567 620 619; x_wconf 76' lang='lat' dir='ltr'>videtur,</span> <span class='ocrx_word' id='word_1_44' title='bbox 661 566 882 608; x_wconf 87' lang='lat' dir='ltr'>invisisset</span> <span class='ocrx_word' id='word_1_45' title='bbox 911 566 1134 618; x_wconf 78' lang='lat' dir='ltr'>Athenas,</span> <span class='ocrx_word' id='word_1_46' title='bbox 1179 565 1335 606; x_wconf 87' lang='lat' dir='ltr'>iterum</span> <span class='ocrx_word' id='word_1_47' title='bbox 1365 564 1409 605; x_wconf 91' lang='lat' dir='ltr'>in</span> 
     </span>
     <span class='ocr_line' id='line_1_8' title="bbox 59 619 1409 681; baseline -0.004 -14"><span class='ocrx_word' id='word_1_48' title='bbox 59 624 227 666; x_wconf 84' lang='lat' dir='ltr'>Italiam</span> <span class='ocrx_word' id='word_1_49' title='bbox 257 632 300 666; x_wconf 91' lang='lat' dir='ltr'>et</span> <span class='ocrx_word' id='word_1_50' title='bbox 328 635 480 681; x_wconf 88' lang='lat' dir='ltr'>postea</span> <span class='ocrx_word' id='word_1_51' title='bbox 509 625 553 666; x_wconf 92' lang='lat' dir='ltr'>in</span> <span class='ocrx_word' id='word_1_52' title='bbox 585 624 778 667; x_wconf 87' lang='lat' dir='ltr'>Siciliam</span> <span class='ocrx_word' id='word_1_53' title='bbox 802 623 985 665; x_wconf 88' lang='lat' dir='ltr'>insulam</span> <span class='ocrx_word' id='word_1_54' title='bbox 1012 621 1246 679; x_wconf 83' lang='lat' dir='ltr'>navigavit.</span> <span class='ocrx_word' id='word_1_55' title='bbox 1278 619 1409 673; x_wconf 76' lang='lat' dir='ltr'>Quod</span> 
     </span>
     <span class='ocr_line' id='line_1_9' title="bbox 59 680 1409 736; baseline -0.004 -13"><span class='ocrx_word' id='word_1_56' title='bbox 59 697 146 736; x_wconf 93' lang='lat' dir='ltr'>quo</span> <span class='ocrx_word' id='word_1_57' title='bbox 183 682 336 723; x_wconf 89' lang='lat' dir='ltr'>fecerit</span> <span class='ocrx_word' id='word_1_58' title='bbox 374 682 551 724; x_wconf 89' lang='lat' dir='ltr'>consilio</span> <span class='ocrx_word' id='word_1_59' title='bbox 594 681 806 736; x_wconf 88' lang='lat' dir='ltr'>quibusve</span> <span class='ocrx_word' id='word_1_60' title='bbox 847 680 988 722; x_wconf 90' lang='lat' dir='ltr'>causis</span> <span class='ocrx_word' id='word_1_61' title='bbox 1028 685 1273 736; x_wconf 86' lang='lat' dir='ltr'>permotus,</span> <span class='ocrx_word' id='word_1_62' title='bbox 1322 693 1409 719; x_wconf 89' lang='lat' dir='ltr'>non</span> 
     </span>
     <span class='ocr_line' id='line_1_10' title="bbox 59 736 1409 794; baseline -0.003 -14"><span class='ocrx_word' id='word_1_63' title='bbox 59 739 328 794; x_wconf 83' lang='lat' dir='ltr'>exploratum</span> <span class='ocrx_word' id='word_1_64' title='bbox 358 738 564 781; x_wconf 88' lang='lat' dir='ltr'>habemus</span> <span class='ocrx_word' id='word_1_65' title='bbox 595 738 696 793; x_wconf 75' lang='lat'>***).</span> <span class='ocrx_word' id='word_1_66' title='bbox 766 736 954 779; x_wconf 91' lang='lat' dir='ltr'>Videtur</span> <span class='ocrx_word' id='word_1_67' title='bbox 993 742 1136 778; x_wconf 86' lang='lat' dir='ltr'>autem</span> <span class='ocrx_word' id='word_1_68' title='bbox 1179 741 1409 791; x_wconf 88' lang='lat' dir='ltr'>propterea</span> 
     </span>
     <span class='ocr_line' id='line_1_11' title="bbox 55 793 1408 851; baseline -0.002 -16"><span class='ocrx_word' id='word_1_69' title='bbox 55 794 158 836; x_wconf 90' lang='lat' dir='ltr'>illuc</span> <span class='ocrx_word' id='word_1_70' title='bbox 196 795 418 850; x_wconf 86' lang='lat' dir='ltr'>profectus</span> <span class='ocrx_word' id='word_1_71' title='bbox 461 810 577 849; x_wconf 78' lang='lat' dir='ltr'>esse,</span> <span class='ocrx_word' id='word_1_72' title='bbox 619 793 735 851; x_wconf 89' lang='lat' dir='ltr'>quod</span> <span class='ocrx_word' id='word_1_73' title='bbox 772 794 1146 851; x_wconf 80' lang='lat' dir='ltr'>Pythagoreorum</span> <span class='ocrx_word' id='word_1_74' title='bbox 1197 793 1408 833; x_wconf 88' lang='lat' dir='ltr'>rationem</span> 
     </span>
     <span class='ocr_line' id='line_1_12' title="bbox 56 848 1409 908; baseline -0.002 -16"><span class='ocrx_word' id='word_1_75' title='bbox 56 851 301 893; x_wconf 84' lang='lat' dir='ltr'>accuratius</span> <span class='ocrx_word' id='word_1_76' title='bbox 340 868 600 908; x_wconf 87' lang='lat' dir='ltr'>pernoscere</span> <span class='ocrx_word' id='word_1_77' title='bbox 643 852 930 894; x_wconf 83' lang='lat' dir='ltr'>constituerat</span> <span class='ocrx_word' id='word_1_78' title='bbox 976 858 1020 892; x_wconf 94' lang='lat' dir='ltr'>et</span> <span class='ocrx_word' id='word_1_79' title='bbox 1058 849 1216 893; x_wconf 86' lang='lat' dir='ltr'>Siculis</span> <span class='ocrx_word' id='word_1_80' title='bbox 1257 848 1409 891; x_wconf 87' lang='lat' dir='ltr'>crebra.</span> 
     </span>
     <span class='ocr_line' id='line_1_13' title="bbox 56 905 1406 961; baseline -0.003 -12"><span class='ocrx_word' id='word_1_81' title='bbox 56 915 179 950; x_wconf 89' lang='lat' dir='ltr'>erant</span> <span class='ocrx_word' id='word_1_82' title='bbox 209 910 465 951; x_wconf 83' lang='lat' dir='ltr'>commercia</span> <span class='ocrx_word' id='word_1_83' title='bbox 503 924 599 951; x_wconf 93' lang='lat' dir='ltr'>cum</span> <span class='ocrx_word' id='word_1_84' title='bbox 633 909 971 951; x_wconf 84' lang='lat' dir='ltr'>Atheniensibus</span> <span class='ocrx_word' id='word_1_85' title='bbox 1012 921 1246 960; x_wconf 88' lang='lat' dir='ltr'>eorumque</span> <span class='ocrx_word' id='word_1_86' title='bbox 1287 905 1406 961; x_wconf 79' lang='lat' dir='ltr'>leges</span> 
     </span>
     <span class='ocr_line' id='line_1_14' title="bbox 57 962 1408 1023; baseline -0.001 -17"><span class='ocrx_word' id='word_1_87' title='bbox 57 972 100 1007; x_wconf 90' lang='lat' dir='ltr'>et</span> <span class='ocrx_word' id='word_1_88' title='bbox 123 965 325 1007; x_wconf 87' lang='lat' dir='ltr'>instituta</span> <span class='ocrx_word' id='word_1_89' title='bbox 369 982 525 1023; x_wconf 82' lang='lat' dir='ltr'>magna</span> <span class='ocrx_word' id='word_1_90' title='bbox 556 965 768 1008; x_wconf 86' lang='lat' dir='ltr'>florebant</span> <span class='ocrx_word' id='word_1_91' title='bbox 798 964 939 1007; x_wconf 85' lang='lat' dir='ltr'>laude.</span> <span class='ocrx_word' id='word_1_92' title='bbox 999 964 1132 1006; x_wconf 80' lang='lat' dir='ltr'>Venit</span> <span class='ocrx_word' id='word_1_93' title='bbox 1162 963 1296 1019; x_wconf 80' lang='lat' dir='ltr'>igitur</span> <span class='ocrx_word' id='word_1_94' title='bbox 1325 962 1408 1018; x_wconf 85' lang='lat' dir='ltr'>Sy—</span> 
     </span>
     <span class='ocr_line' id='line_1_15' title="bbox 55 1018 1408 1075; baseline -0.002 -12"><span class='ocrx_word' id='word_1_95' title='bbox 55 1037 256 1075; x_wconf 76' lang='lat' dir='ltr'>racusas,</span> <span class='ocrx_word' id='word_1_96' title='bbox 298 1023 607 1065; x_wconf 86' lang='lat' dir='ltr'>nobilissimam</span> <span class='ocrx_word' id='word_1_97' title='bbox 647 1023 814 1065; x_wconf 86' lang='lat' dir='ltr'>insulae</span> <span class='ocrx_word' id='word_1_98' title='bbox 854 1022 1087 1064; x_wconf 86' lang='lat' dir='ltr'>civitatem.</span> <span class='ocrx_word' id='word_1_99' title='bbox 1148 1018 1287 1062; x_wconf 84' lang='lat' dir='ltr'>Cuius</span> <span class='ocrx_word' id='word_1_100' title='bbox 1317 1026 1408 1060; x_wconf 90' lang='lat' dir='ltr'>tum</span> 
     </span>
     <span class='ocr_line' id='line_1_16' title="bbox 55 1076 1407 1137; baseline -0.002 -17"><span class='ocrx_word' id='word_1_101' title='bbox 55 1079 282 1135; x_wconf 89' lang='lat' dir='ltr'>imperium</span> <span class='ocrx_word' id='word_1_102' title='bbox 310 1080 486 1122; x_wconf 80' lang='lat' dir='ltr'>tenebat</span> <span class='ocrx_word' id='word_1_103' title='bbox 514 1080 779 1137; x_wconf 79' lang='lat' dir='ltr'>Dionysius,</span> <span class='ocrx_word' id='word_1_104' title='bbox 826 1080 960 1121; x_wconf 87' lang='lat' dir='ltr'>maior</span> <span class='ocrx_word' id='word_1_105' title='bbox 988 1085 1117 1131; x_wconf 65' lang='lat' dir='ltr'>natu,</span> <span class='ocrx_word' id='word_1_106' title='bbox 1158 1077 1233 1131; x_wconf 86' lang='lat' dir='ltr'>qui</span> <span class='ocrx_word' id='word_1_107' title='bbox 1273 1082 1314 1119; x_wconf 91' lang='lat' dir='ltr'>et</span> <span class='ocrx_word' id='word_1_108' title='bbox 1344 1076 1407 1117; x_wconf 87' lang='lat' dir='ltr'>in-</span> 
     </span>
     <span class='ocr_line' id='line_1_17' title="bbox 55 1133 1407 1194; baseline -0.003 -16"><span class='ocrx_word' id='word_1_109' title='bbox 55 1136 185 1194; x_wconf 87' lang='lat' dir='ltr'>genio</span> <span class='ocrx_word' id='word_1_110' title='bbox 225 1136 418 1192; x_wconf 85' lang='lat' dir='ltr'>pollebat</span> <span class='ocrx_word' id='word_1_111' title='bbox 456 1144 499 1179; x_wconf 91' lang='lat' dir='ltr'>et</span> <span class='ocrx_word' id='word_1_112' title='bbox 540 1136 723 1179; x_wconf 89' lang='lat' dir='ltr'>Graecis</span> <span class='ocrx_word' id='word_1_113' title='bbox 762 1137 898 1178; x_wconf 88' lang='lat' dir='ltr'>literis</span> <span class='ocrx_word' id='word_1_114' title='bbox 938 1135 1250 1178; x_wconf 81' lang='lat' dir='ltr'>delectabatur.</span> <span class='ocrx_word' id='word_1_115' title='bbox 1318 1133 1407 1175; x_wconf 79' lang='lat' dir='ltr'>Ex-</span> 
     </span>
     <span class='ocr_line' id='line_1_18' title="bbox 57 1191 1407 1250; baseline -0.002 -16"><span class='ocrx_word' id='word_1_116' title='bbox 57 1199 210 1248; x_wconf 87' lang='lat' dir='ltr'>ceptus</span> <span class='ocrx_word' id='word_1_117' title='bbox 241 1199 306 1236; x_wconf 88' lang='lat' dir='ltr'>est</span> <span class='ocrx_word' id='word_1_118' title='bbox 333 1201 476 1236; x_wconf 89' lang='lat' dir='ltr'>autem</span> <span class='ocrx_word' id='word_1_119' title='bbox 507 1194 697 1250; x_wconf 88' lang='lat' dir='ltr'>hospitio</span> <span class='ocrx_word' id='word_1_120' title='bbox 731 1210 754 1235; x_wconf 90' lang='lat' dir='ltr'>a</span> <span class='ocrx_word' id='word_1_121' title='bbox 785 1193 953 1247; x_wconf 76' lang='lat' dir='ltr'>Dione⁷</span> <span class='ocrx_word' id='word_1_122' title='bbox 987 1207 1178 1234; x_wconf 88' lang='lat' dir='ltr'>summae</span> <span class='ocrx_word' id='word_1_123' title='bbox 1209 1191 1302 1232; x_wconf 84' lang='lat' dir='ltr'>viro</span> <span class='ocrx_word' id='word_1_124' title='bbox 1333 1206 1407 1232; x_wconf 86' lang='lat' dir='ltr'>au-</span> 
     </span>
     <span class='ocr_line' id='line_1_19' title="bbox 56 1247 1407 1303; baseline -0.001 -13"><span class='ocrx_word' id='word_1_125' title='bbox 56 1249 287 1291; x_wconf 86' lang='lat' dir='ltr'>ctoritatis.</span> <span class='ocrx_word' id='word_1_126' title='bbox 355 1249 444 1303; x_wconf 81' lang='lat' dir='ltr'>Qui</span> <span class='ocrx_word' id='word_1_127' title='bbox 483 1267 579 1292; x_wconf 91' lang='lat' dir='ltr'>eum</span> <span class='ocrx_word' id='word_1_128' title='bbox 619 1266 707 1292; x_wconf 92' lang='lat' dir='ltr'>non</span> <span class='ocrx_word' id='word_1_129' title='bbox 747 1251 885 1292; x_wconf 91' lang='lat' dir='ltr'>solum</span> <span class='ocrx_word' id='word_1_130' title='bbox 926 1249 1118 1292; x_wconf 86' lang='lat' dir='ltr'>studiose</span> <span class='ocrx_word' id='word_1_131' title='bbox 1160 1247 1327 1289; x_wconf 86' lang='lat' dir='ltr'>audivit</span> <span class='ocrx_word' id='word_1_132' title='bbox 1354 1247 1407 1289; x_wconf 92' lang='lat' dir='ltr'>de</span> 
     </span>
     <span class='ocr_line' id='line_1_20' title="bbox 56 1305 1408 1363; baseline -0.002 -15"><span class='ocrx_word' id='word_1_133' title='bbox 56 1313 208 1348; x_wconf 83' lang='lat' dir='ltr'>natura</span> <span class='ocrx_word' id='word_1_134' title='bbox 252 1311 296 1348; x_wconf 90' lang='lat' dir='ltr'>et</span> <span class='ocrx_word' id='word_1_135' title='bbox 332 1308 460 1349; x_wconf 88' lang='lat' dir='ltr'>rebus</span> <span class='ocrx_word' id='word_1_136' title='bbox 500 1307 685 1363; x_wconf 91' lang='lat' dir='ltr'>publicis</span> <span class='ocrx_word' id='word_1_137' title='bbox 728 1307 1034 1360; x_wconf 81' lang='lat' dir='ltr'>disserentem,</span> <span class='ocrx_word' id='word_1_138' title='bbox 1081 1305 1157 1347; x_wconf 88' lang='lat' dir='ltr'>sed</span> <span class='ocrx_word' id='word_1_139' title='bbox 1199 1305 1327 1346; x_wconf 86' lang='lat' dir='ltr'>etiam</span> <span class='ocrx_word' id='word_1_140' title='bbox 1364 1305 1408 1346; x_wconf 90' lang='lat' dir='ltr'>in</span> 
     </span>
     <span class='ocr_line' id='line_1_21' title="bbox 57 1362 1408 1420; baseline -0.001 -16"><span class='ocrx_word' id='word_1_141' title='bbox 57 1363 253 1404; x_wconf 85' lang='lat' dir='ltr'>notitiam</span> <span class='ocrx_word' id='word_1_142' title='bbox 283 1365 454 1420; x_wconf 82' lang='lat' dir='ltr'>tyranni</span> <span class='ocrx_word' id='word_1_143' title='bbox 486 1364 787 1405; x_wconf 87' lang='lat' dir='ltr'>adducendum</span> <span class='ocrx_word' id='word_1_144' title='bbox 819 1364 1002 1419; x_wconf 81' lang='lat' dir='ltr'>putavit.</span> <span class='ocrx_word' id='word_1_145' title='bbox 1063 1363 1122 1404; x_wconf 79' lang='lat' dir='ltr'>Et</span> <span class='ocrx_word' id='word_1_146' title='bbox 1158 1362 1282 1403; x_wconf 84' lang='lat' dir='ltr'>initio</span> <span class='ocrx_word' id='word_1_147' title='bbox 1314 1362 1408 1416; x_wconf 88' lang='lat' dir='ltr'>qui-</span> 
     </span>
     <span class='ocr_line' id='line_1_22' title="bbox 56 1418 1404 1468; baseline -0.001 -8"><span class='ocrx_word' id='word_1_148' title='bbox 56 1419 153 1460; x_wconf 88' lang='lat' dir='ltr'>dem</span> <span class='ocrx_word' id='word_1_149' title='bbox 193 1418 320 1460; x_wconf 87' lang='lat' dir='ltr'>etiam</span> <span class='ocrx_word' id='word_1_150' title='bbox 363 1421 416 1463; x_wconf 85' lang='lat' dir='ltr'>ab</span> <span class='ocrx_word' id='word_1_151' title='bbox 456 1421 538 1462; x_wconf 92' lang='lat' dir='ltr'>hoc</span> <span class='ocrx_word' id='word_1_152' title='bbox 586 1421 815 1462; x_wconf 85' lang='lat' dir='ltr'>admodum</span> <span class='ocrx_word' id='word_1_153' title='bbox 849 1420 1085 1462; x_wconf 88' lang='lat' dir='ltr'>honorifice</span> <span class='ocrx_word' id='word_1_154' title='bbox 1117 1419 1289 1460; x_wconf 87' lang='lat' dir='ltr'>habitus</span> <span class='ocrx_word' id='word_1_155' title='bbox 1320 1424 1404 1468; x_wconf 87' lang='lat' dir='ltr'>est3</span> 
     </span>
     <span class='ocr_line' id='line_1_23' title="bbox 56 1477 1408 1534; baseline -0.001 -17"><span class='ocrx_word' id='word_1_156' title='bbox 56 1491 156 1517; x_wconf 88' lang='lat' dir='ltr'>mox</span> <span class='ocrx_word' id='word_1_157' title='bbox 187 1482 352 1529; x_wconf 79' lang='lat' dir='ltr'>autem,</span> <span class='ocrx_word' id='word_1_158' title='bbox 394 1478 495 1531; x_wconf 90' lang='lat' dir='ltr'>quia</span> <span class='ocrx_word' id='word_1_159' title='bbox 525 1478 695 1534; x_wconf 69' lang='lat' dir='ltr'>tyraneni</span> <span class='ocrx_word' id='word_1_160' title='bbox 725 1478 944 1533; x_wconf 83' lang='lat' dir='ltr'>ingenium</span> <span class='ocrx_word' id='word_1_161' title='bbox 976 1477 1086 1518; x_wconf 86' lang='lat' dir='ltr'>ferre</span> <span class='ocrx_word' id='word_1_162' title='bbox 1118 1492 1204 1517; x_wconf 90' lang='lat' dir='ltr'>non</span> <span class='ocrx_word' id='word_1_163' title='bbox 1236 1483 1408 1531; x_wconf 85' lang='lat' dir='ltr'>poterat</span> 
     </span>
     <span class='ocr_line' id='line_1_24' title="bbox 54 1532 1407 1589; baseline -0.001 -14"><span class='ocrx_word' id='word_1_164' title='bbox 54 1532 294 1589; x_wconf 85' lang='lat' dir='ltr'>sapientiae</span> <span class='ocrx_word' id='word_1_165' title='bbox 332 1535 580 1588; x_wconf 84' lang='lat' dir='ltr'>veritatem,</span> <span class='ocrx_word' id='word_1_166' title='bbox 622 1535 683 1576; x_wconf 85' lang='lat' dir='ltr'>ita</span> <span class='ocrx_word' id='word_1_167' title='bbox 723 1541 790 1576; x_wconf 78' lang='lat' dir='ltr'>est</span> <span class='ocrx_word' id='word_1_168' title='bbox 829 1541 1064 1588; x_wconf 74' lang='lat' dir='ltr'>tractatus,</span> <span class='ocrx_word' id='word_1_169' title='bbox 1116 1540 1165 1574; x_wconf 89' lang='lat' dir='ltr'>ut</span> <span class='ocrx_word' id='word_1_170' title='bbox 1201 1533 1316 1574; x_wconf 85' lang='lat' dir='ltr'>vitae</span> <span class='ocrx_word' id='word_1_171' title='bbox 1363 1539 1407 1574; x_wconf 85' lang='lat' dir='ltr'>et</span> 
     </span>
    </p>
   </div>
   <div class='ocr_carea' id='block_1_3' title="bbox 80 1692 1405 2792">
    <p class='ocr_par' dir='ltr' id='par_1_3' title="bbox 110 1692 1405 2150">
     <span class='ocr_line' id='line_1_25' title="bbox 110 1692 1405 1735; baseline 0 -11"><span class='ocrx_word' id='word_1_172' title='bbox 110 1694 140 1735; x_wconf 73' lang='lat'>⁸)</span> <span class='ocrx_word' id='word_1_173' title='bbox 171 1692 326 1725; x_wconf 83' lang='lat' dir='ltr'>Narrant</span> <span class='ocrx_word' id='word_1_174' title='bbox 356 1693 560 1725; x_wconf 79' lang='lat' dir='ltr'>Lactant.</span> <span class='ocrx_word' id='word_1_175' title='bbox 594 1694 763 1726; x_wconf 85' lang='lat' dir='ltr'>Institutt.</span> <span class='ocrx_word' id='word_1_176' title='bbox 798 1695 906 1726; x_wconf 83' lang='lat' dir='ltr'>Divv.</span> <span class='ocrx_word' id='word_1_177' title='bbox 938 1694 999 1725; x_wconf 87' lang='lat' dir='ltr'>IV.</span> <span class='ocrx_word' id='word_1_178' title='bbox 1025 1693 1058 1727; x_wconf 82' lang='lat'>2.</span> <span class='ocrx_word' id='word_1_179' title='bbox 1092 1694 1328 1734; x_wconf 84' lang='lat' dir='ltr'>Augustin.</span> <span class='ocrx_word' id='word_1_180' title='bbox 1362 1693 1405 1724; x_wconf 78' lang='lat' dir='ltr'>do</span> 
     </span>
     <span class='ocr_line' id='line_1_26' title="bbox 171 1738 1403 1774; baseline -0.001 -4"><span class='ocrx_word' id='word_1_181' title='bbox 171 1738 247 1771; x_wconf 88' lang='lat' dir='ltr'>Civ.</span> <span class='ocrx_word' id='word_1_182' title='bbox 274 1739 343 1771; x_wconf 74' lang='lat' dir='ltr'>Dei</span> <span class='ocrx_word' id='word_1_183' title='bbox 368 1739 471 1770; x_wconf 85' lang='lat' dir='ltr'><strong>VIII.</strong></span> <span class='ocrx_word' id='word_1_184' title='bbox 497 1740 553 1773; x_wconf 88' lang='lat'>11.</span> <span class='ocrx_word' id='word_1_185' title='bbox 579 1741 645 1772; x_wconf 87' lang='lat' dir='ltr'>XI.</span> <span class='ocrx_word' id='word_1_186' title='bbox 672 1740 727 1774; x_wconf 78' lang='grc'>21.</span> <span class='ocrx_word' id='word_1_187' title='bbox 756 1740 956 1772; x_wconf 81' lang='lat' dir='ltr'>Clemens</span> <span class='ocrx_word' id='word_1_188' title='bbox 984 1741 1222 1772; x_wconf 81' lang='lat' dir='ltr'>Alexandr.</span> <span class='ocrx_word' id='word_1_189' title='bbox 1251 1739 1403 1771; x_wconf 88' lang='lat' dir='ltr'>Admon.</span> 
     </span>
     <span class='ocr_line' id='line_1_27' title="bbox 168 1784 1403 1827; baseline -0.001 -10"><span class='ocrx_word' id='word_1_190' title='bbox 168 1786 213 1817; x_wconf 83' lang='lat' dir='ltr'>ad</span> <span class='ocrx_word' id='word_1_191' title='bbox 244 1784 348 1817; x_wconf 86' lang='lat' dir='ltr'>Gent.</span> <span class='ocrx_word' id='word_1_192' title='bbox 380 1796 412 1827; x_wconf 81' lang='lat' dir='ltr'>p.</span> <span class='ocrx_word' id='word_1_193' title='bbox 437 1785 493 1819; x_wconf 82' lang='lat'>46.</span> <span class='ocrx_word' id='word_1_194' title='bbox 519 1787 562 1816; x_wconf 82' lang='lat' dir='ltr'>A.</span> <span class='ocrx_word' id='word_1_195' title='bbox 599 1797 675 1818; x_wconf 86' lang='lat' dir='ltr'>eum</span> <span class='ocrx_word' id='word_1_196' title='bbox 708 1789 812 1818; x_wconf 84' lang='lat' dir='ltr'>etiam</span> <span class='ocrx_word' id='word_1_197' title='bbox 843 1787 887 1818; x_wconf 87' lang='lat' dir='ltr'>ad</span> <span class='ocrx_word' id='word_1_198' title='bbox 919 1786 1043 1825; x_wconf 86' lang='lat' dir='ltr'>Magos</span> <span class='ocrx_word' id='word_1_199' title='bbox 1075 1791 1108 1817; x_wconf 87' lang='lat' dir='ltr'>et</span> <span class='ocrx_word' id='word_1_200' title='bbox 1143 1787 1267 1818; x_wconf 75' lang='lat' dir='ltr'>Persas</span> <span class='ocrx_word' id='word_1_201' title='bbox 1298 1795 1403 1825; x_wconf 86' lang='lat' dir='ltr'>pene·</span> 
     </span>
     <span class='ocr_line' id='line_1_28' title="bbox 170 1831 1405 1872; baseline 0 -10"><span class='ocrx_word' id='word_1_202' title='bbox 170 1837 300 1871; x_wconf 80' lang='lat' dir='ltr'>trasse,</span> <span class='ocrx_word' id='word_1_203' title='bbox 343 1837 375 1862; x_wconf 77' lang='lat' dir='ltr'>et</span> <span class='ocrx_word' id='word_1_204' title='bbox 404 1832 614 1863; x_wconf 84' lang='lat' dir='ltr'>Iudaeorum</span> <span class='ocrx_word' id='word_1_205' title='bbox 647 1833 733 1864; x_wconf 85' lang='lat' dir='ltr'>ritus</span> <span class='ocrx_word' id='word_1_206' title='bbox 766 1838 798 1863; x_wconf 87' lang='lat' dir='ltr'>et</span> <span class='ocrx_word' id='word_1_207' title='bbox 830 1842 928 1864; x_wconf 80' lang='lat' dir='ltr'>sacra</span> <span class='ocrx_word' id='word_1_208' title='bbox 959 1833 1176 1872; x_wconf 78' lang='lat' dir='ltr'>cognovisse.</span> <span class='ocrx_word' id='word_1_209' title='bbox 1230 1831 1405 1862; x_wconf 84' lang='lat' dir='ltr'>Nimirum</span> 
     </span>
     <span class='ocr_line' id='line_1_29' title="bbox 169 1878 1404 1918; baseline 0 -10"><span class='ocrx_word' id='word_1_210' title='bbox 169 1878 254 1908; x_wconf 74' lang='lat' dir='ltr'>satis</span> <span class='ocrx_word' id='word_1_211' title='bbox 280 1881 434 1916; x_wconf 88' lang='lat' dir='ltr'>constat,</span> <span class='ocrx_word' id='word_1_212' title='bbox 462 1888 530 1918; x_wconf 86' lang='lat' dir='ltr'>quo</span> <span class='ocrx_word' id='word_1_213' title='bbox 556 1879 672 1909; x_wconf 81' lang='lat' dir='ltr'>studio</span> <span class='ocrx_word' id='word_1_214' title='bbox 699 1880 885 1918; x_wconf 84' lang='lat' dir='ltr'>scriptores</span> <span class='ocrx_word' id='word_1_215' title='bbox 912 1878 1102 1910; x_wconf 83' lang='lat' dir='ltr'>Christiani</span> <span class='ocrx_word' id='word_1_216' title='bbox 1134 1878 1404 1917; x_wconf 83' lang='lat' dir='ltr'>elaboraverint,</span> 
     </span>
     <span class='ocr_line' id='line_1_30' title="bbox 170 1923 1405 1965; baseline 0.002 -12"><span class='ocrx_word' id='word_1_217' title='bbox 170 1928 208 1953; x_wconf 89' lang='lat' dir='ltr'>ut</span> <span class='ocrx_word' id='word_1_218' title='bbox 230 1923 413 1954; x_wconf 84' lang='lat' dir='ltr'>Platonem</span> <span class='ocrx_word' id='word_1_219' title='bbox 438 1924 604 1955; x_wconf 87' lang='lat' dir='ltr'>Iudaeum</span> <span class='ocrx_word' id='word_1_220' title='bbox 629 1925 794 1960; x_wconf 81' lang='lat' dir='ltr'>facerent,</span> <span class='ocrx_word' id='word_1_221' title='bbox 818 1925 974 1965; x_wconf 84' lang='lat' dir='ltr'>adeoque</span> <span class='ocrx_word' id='word_1_222' title='bbox 1002 1925 1251 1963; x_wconf 82' lang='lat' dir='ltr'>Christianum,</span> <span class='ocrx_word' id='word_1_223' title='bbox 1277 1925 1405 1965; x_wconf 83' lang='lat' dir='ltr'>quippe</span> 
     </span>
     <span class='ocr_line' id='line_1_31' title="bbox 171 1969 1405 2012; baseline 0.002 -13"><span class='ocrx_word' id='word_1_224' title='bbox 171 1969 226 1999; x_wconf 79' lang='lat' dir='ltr'>eui</span> <span class='ocrx_word' id='word_1_225' title='bbox 269 1969 461 2000; x_wconf 84' lang='lat' dir='ltr'>doctrinam</span> <span class='ocrx_word' id='word_1_226' title='bbox 494 1970 536 2001; x_wconf 86' lang='lat' dir='ltr'>de</span> <span class='ocrx_word' id='word_1_227' title='bbox 567 1971 722 2002; x_wconf 82' lang='lat' dir='ltr'>trinitate</span> <span class='ocrx_word' id='word_1_228' title='bbox 753 1972 973 2002; x_wconf 83' lang='lat' dir='ltr'>tribuendam</span> <span class='ocrx_word' id='word_1_229' title='bbox 999 1971 1164 2012; x_wconf 87' lang='lat' dir='ltr'>putarint.</span> <span class='ocrx_word' id='word_1_230' title='bbox 1214 1970 1346 2002; x_wconf 87' lang='lat' dir='ltr'>Verum</span> <span class='ocrx_word' id='word_1_231' title='bbox 1369 1970 1405 2001; x_wconf 88' lang='lat' dir='ltr'>in</span> 
     </span>
     <span class='ocr_line' id='line_1_32' title="bbox 172 2015 1405 2058; baseline 0.002 -12"><span class='ocrx_word' id='word_1_232' title='bbox 172 2015 310 2055; x_wconf 81' lang='lat' dir='ltr'>scriptis</span> <span class='ocrx_word' id='word_1_233' title='bbox 345 2015 500 2047; x_wconf 87' lang='lat' dir='ltr'>Platonis</span> <span class='ocrx_word' id='word_1_234' title='bbox 533 2026 575 2047; x_wconf 90' lang='lat' dir='ltr'>ne</span> <span class='ocrx_word' id='word_1_235' title='bbox 606 2017 820 2049; x_wconf 79' lang='lat' dir='ltr'>levissimum</span> <span class='ocrx_word' id='word_1_236' title='bbox 851 2017 989 2058; x_wconf 85' lang='lat' dir='ltr'>quidem</span> <span class='ocrx_word' id='word_1_237' title='bbox 1018 2017 1186 2048; x_wconf 85' lang='lat' dir='ltr'>Iudaismi</span> <span class='ocrx_word' id='word_1_238' title='bbox 1218 2017 1405 2057; x_wconf 75' lang='lat' dir='ltr'>vestigium</span> 
     </span>
     <span class='ocr_line' id='line_1_33' title="bbox 170 2060 1405 2104; baseline 0.002 -12"><span class='ocrx_word' id='word_1_239' title='bbox 170 2060 421 2101; x_wconf 84' lang='lat' dir='ltr'>deprehendas.</span> <span class='ocrx_word' id='word_1_240' title='bbox 483 2060 607 2103; x_wconf 90' lang='lat' dir='ltr'>Neque</span> <span class='ocrx_word' id='word_1_241' title='bbox 638 2063 696 2094; x_wconf 90' lang='lat' dir='ltr'>ille</span> <span class='ocrx_word' id='word_1_242' title='bbox 727 2063 913 2104; x_wconf 84' lang='lat' dir='ltr'>Magorum</span> <span class='ocrx_word' id='word_1_243' title='bbox 945 2068 978 2094; x_wconf 84' lang='lat' dir='ltr'>et</span> <span class='ocrx_word' id='word_1_244' title='bbox 1008 2062 1195 2094; x_wconf 79' lang='lat' dir='ltr'>Persarum</span> <span class='ocrx_word' id='word_1_245' title='bbox 1236 2064 1285 2094; x_wconf 86' lang='lat' dir='ltr'>ita</span> <span class='ocrx_word' id='word_1_246' title='bbox 1320 2063 1405 2094; x_wconf 81' lang='lat' dir='ltr'>facit</span> 
     </span>
     <span class='ocr_line' id='line_1_34' title="bbox 171 2107 1213 2150; baseline 0.002 -12"><span class='ocrx_word' id='word_1_247' title='bbox 171 2107 392 2141; x_wconf 87' lang='lat' dir='ltr'>mentionem.</span> <span class='ocrx_word' id='word_1_248' title='bbox 418 2114 455 2139; x_wconf 85' lang='lat' dir='ltr'>ut</span> <span class='ocrx_word' id='word_1_249' title='bbox 481 2118 600 2139; x_wconf 91' lang='lat' dir='ltr'>eorum</span> <span class='ocrx_word' id='word_1_250' title='bbox 627 2110 786 2141; x_wconf 86' lang='lat' dir='ltr'>instituta</span> <span class='ocrx_word' id='word_1_251' title='bbox 812 2120 847 2141; x_wconf 89' lang='lat' dir='ltr'>se</span> <span class='ocrx_word' id='word_1_252' title='bbox 873 2110 1003 2140; x_wconf 81' lang='lat' dir='ltr'>vidisse</span> <span class='ocrx_word' id='word_1_253' title='bbox 1029 2110 1213 2150; x_wconf 84' lang='lat' dir='ltr'>significet.</span> 
     </span>
    </p>

    <p class='ocr_par' dir='ltr' id='par_1_4' title="bbox 91 2152 1402 2242">
     <span class='ocr_line' id='line_1_35' title="bbox 91 2152 1402 2197; baseline 0.002 -14"><span class='ocrx_word' id='word_1_254' title='bbox 91 2154 144 2197; x_wconf 73' lang='lat'>”)</span> <span class='ocrx_word' id='word_1_255' title='bbox 174 2152 214 2184; x_wconf 88' lang='lat' dir='ltr'>V.</span> <span class='ocrx_word' id='word_1_256' title='bbox 245 2154 417 2194; x_wconf 83' lang='lat' dir='ltr'>Apulei.</span> <span class='ocrx_word' id='word_1_257' title='bbox 460 2154 486 2186; x_wconf 95' lang='lat' dir='ltr'>l.</span> <span class='ocrx_word' id='word_1_258' title='bbox 521 2165 549 2186; x_wconf 92' lang='lat' dir='ltr'>c.</span> <span class='ocrx_word' id='word_1_259' title='bbox 579 2154 706 2196; x_wconf 90' lang='lat' dir='ltr'>Diog.</span> <span class='ocrx_word' id='word_1_260' title='bbox 742 2156 780 2187; x_wconf 91' lang='lat' dir='ltr'>L.</span> <span class='ocrx_word' id='word_1_261' title='bbox 815 2156 882 2187; x_wconf 95' lang='lat' dir='ltr'><strong>III.</strong></span> <span class='ocrx_word' id='word_1_262' title='bbox 915 2155 947 2189; x_wconf 90' lang='grc'>6.</span> <span class='ocrx_word' id='word_1_263' title='bbox 981 2156 1236 2187; x_wconf 80' lang='lat' dir='ltr'>Athenaeus</span> <span class='ocrx_word' id='word_1_264' title='bbox 1272 2155 1335 2189; x_wconf 82' lang='lat' dir='ltr'>XI.</span> <span class='ocrx_word' id='word_1_265' title='bbox 1370 2164 1402 2196; x_wconf 88' lang='lat' dir='ltr'>p.</span> 
     </span>
     <span class='ocr_line' id='line_1_36' title="bbox 170 2198 937 2242; baseline -0.001 -9"><span class='ocrx_word' id='word_1_266' title='bbox 170 2198 248 2233; x_wconf 80' lang='lat'>507.</span> <span class='ocrx_word' id='word_1_267' title='bbox 273 2199 350 2231; x_wconf 90' lang='lat' dir='ltr'>coll.</span> <span class='ocrx_word' id='word_1_268' title='bbox 377 2200 695 2232; x_wconf 87' lang='lat' dir='ltr'>Tennemanno</span> <span class='ocrx_word' id='word_1_269' title='bbox 720 2201 749 2233; x_wconf 92' lang='lat' dir='ltr'>I.</span> <span class='ocrx_word' id='word_1_270' title='bbox 774 2212 801 2233; x_wconf 85' lang='lat' dir='ltr'>e.</span> <span class='ocrx_word' id='word_1_271' title='bbox 826 2213 858 2242; x_wconf 91' lang='lat' dir='ltr'>p.</span> <span class='ocrx_word' id='word_1_272' title='bbox 882 2201 937 2235; x_wconf 85' lang='lat'>40.</span> 
     </span>
    </p>

    <p class='ocr_par' dir='ltr' id='par_1_5' title="bbox 80 2243 1405 2792">
     <span class='ocr_line' id='line_1_37' title="bbox 80 2243 1404 2289; baseline 0.002 -13"><span class='ocrx_word' id='word_1_273' title='bbox 80 2245 156 2287; x_wconf 66' lang='lat' dir='ltr'>‘&#39;”J</span> <span class='ocrx_word' id='word_1_274' title='bbox 181 2244 284 2282; x_wconf 84' lang='lat' dir='ltr'>Quod</span> <span class='ocrx_word' id='word_1_275' title='bbox 309 2243 465 2278; x_wconf 77' lang='lat' dir='ltr'>Cicero</span> <span class='ocrx_word' id='word_1_276' title='bbox 492 2252 611 2279; x_wconf 82' lang='lat' dir='ltr'>narrat</span> <span class='ocrx_word' id='word_1_277' title='bbox 633 2248 675 2279; x_wconf 94' lang='lat' dir='ltr'>de</span> <span class='ocrx_word' id='word_1_278' title='bbox 699 2247 775 2279; x_wconf 82' lang='lat' dir='ltr'>Fin.</span> <span class='ocrx_word' id='word_1_279' title='bbox 803 2248 846 2278; x_wconf 93' lang='lat' dir='ltr'>V.</span> <span class='ocrx_word' id='word_1_280' title='bbox 862 2247 915 2282; x_wconf 82' lang='lat'>29.</span> <span class='ocrx_word' id='word_1_281' title='bbox 966 2247 1150 2279; x_wconf 86' lang='lat' dir='ltr'>Platonem</span> <span class='ocrx_word' id='word_1_282' title='bbox 1174 2257 1217 2279; x_wconf 80' lang='lat' dir='ltr'>ex</span> <span class='ocrx_word' id='word_1_283' title='bbox 1242 2248 1404 2289; x_wconf 85' lang='lat' dir='ltr'>Aegypto</span> 
     </span>
     <span class='ocr_line' id='line_1_38' title="bbox 172 2292 1404 2335; baseline 0.002 -14"><span class='ocrx_word' id='word_1_284' title='bbox 172 2299 349 2322; x_wconf 66' lang='lat' dir='ltr'>reversum</span> <span class='ocrx_word' id='word_1_285' title='bbox 366 2292 556 2324; x_wconf 82' lang='lat' dir='ltr'>Tarentum</span> <span class='ocrx_word' id='word_1_286' title='bbox 570 2294 764 2335; x_wconf 83' lang='lat' dir='ltr'>navigasse,</span> <span class='ocrx_word' id='word_1_287' title='bbox 781 2295 817 2325; x_wconf 92' lang='lat' dir='ltr'>id</span> <span class='ocrx_word' id='word_1_288' title='bbox 834 2305 910 2325; x_wconf 90' lang='lat' dir='ltr'>cum</span> <span class='ocrx_word' id='word_1_289' title='bbox 924 2304 975 2332; x_wconf 86' lang='lat' dir='ltr'>ea,</span> <span class='ocrx_word' id='word_1_290' title='bbox 993 2304 1095 2334; x_wconf 86' lang='lat' dir='ltr'>quam</span> <span class='ocrx_word' id='word_1_291' title='bbox 1121 2294 1308 2335; x_wconf 86' lang='lat' dir='ltr'>sequimur,</span> <span class='ocrx_word' id='word_1_292' title='bbox 1326 2303 1404 2324; x_wconf 87' lang='lat' dir='ltr'>nar-</span> 
     </span>
     <span class='ocr_line' id='line_1_39' title="bbox 172 2336 1405 2381; baseline 0.003 -14"><span class='ocrx_word' id='word_1_293' title='bbox 172 2337 308 2368; x_wconf 86' lang='lat' dir='ltr'>ratione</span> <span class='ocrx_word' id='word_1_294' title='bbox 326 2336 426 2370; x_wconf 82' lang='lat' dir='ltr'>facile</span> <span class='ocrx_word' id='word_1_295' title='bbox 456 2340 636 2371; x_wconf 87' lang='lat' dir='ltr'>conciliari</span> <span class='ocrx_word' id='word_1_296' title='bbox 654 2345 780 2381; x_wconf 90' lang='lat' dir='ltr'>potest.</span> <span class='ocrx_word' id='word_1_297' title='bbox 817 2340 992 2371; x_wconf 86' lang='lat' dir='ltr'>Videlicet</span> <span class='ocrx_word' id='word_1_298' title='bbox 1008 2340 1122 2371; x_wconf 87' lang='lat' dir='ltr'>denuo</span> <span class='ocrx_word' id='word_1_299' title='bbox 1140 2340 1196 2370; x_wconf 87' lang='lat' dir='ltr'>ille</span> <span class='ocrx_word' id='word_1_300' title='bbox 1213 2338 1405 2371; x_wconf 85' lang='lat' dir='ltr'>Tarentum</span> 
     </span>
     <span class='ocr_line' id='line_1_40' title="bbox 171 2383 1405 2427; baseline 0.003 -14"><span class='ocrx_word' id='word_1_301' title='bbox 171 2383 208 2413; x_wconf 89' lang='lat' dir='ltr'>in</span> <span class='ocrx_word' id='word_1_302' title='bbox 226 2383 340 2414; x_wconf 86' lang='lat' dir='ltr'>reditu</span> <span class='ocrx_word' id='word_1_303' title='bbox 356 2386 524 2424; x_wconf 87' lang='lat' dir='ltr'>pervenit.</span> <span class='ocrx_word' id='word_1_304' title='bbox 553 2384 656 2423; x_wconf 84' lang='lat' dir='ltr'>Quod</span> <span class='ocrx_word' id='word_1_305' title='bbox 671 2391 784 2418; x_wconf 88' lang='lat' dir='ltr'>autem</span> <span class='ocrx_word' id='word_1_306' title='bbox 798 2386 911 2427; x_wconf 85' lang='lat' dir='ltr'>ipsum</span> <span class='ocrx_word' id='word_1_307' title='bbox 929 2386 1110 2418; x_wconf 85' lang='lat' dir='ltr'>statuimus</span> <span class='ocrx_word' id='word_1_308' title='bbox 1126 2391 1197 2417; x_wconf 85' lang='lat' dir='ltr'>tum</span> <span class='ocrx_word' id='word_1_309' title='bbox 1217 2395 1277 2426; x_wconf 87' lang='lat' dir='ltr'>per</span> <span class='ocrx_word' id='word_1_310' title='bbox 1300 2385 1405 2417; x_wconf 80' lang='lat' dir='ltr'>breve</span> 
     </span>
     <span class='ocr_line' id='line_1_41' title="bbox 178 2432 1405 2472; baseline 0.004 -14"><span class='ocrx_word' id='word_1_311' title='bbox 178 2433 310 2460; x_wconf 74' lang='lat' dir='ltr'>tantum</span> <span class='ocrx_word' id='word_1_312' title='bbox 340 2433 473 2471; x_wconf 76' lang='lat' dir='ltr'>tempus·</span> <span class='ocrx_word' id='word_1_313' title='bbox 508 2432 668 2464; x_wconf 84' lang='lat' dir='ltr'>Athenas</span> <span class='ocrx_word' id='word_1_314' title='bbox 700 2433 883 2471; x_wconf 89' lang='lat' dir='ltr'>invisisse,</span> <span class='ocrx_word' id='word_1_315' title='bbox 925 2433 991 2463; x_wconf 92' lang='lat' dir='ltr'>hoc</span> <span class='ocrx_word' id='word_1_316' title='bbox 1029 2436 1234 2472; x_wconf 83' lang='lat' dir='ltr'>argumento</span> <span class='ocrx_word' id='word_1_317' title='bbox 1264 2432 1405 2472; x_wconf 82' lang='lat' dir='ltr'>probari</span> 
     </span>
     <span class='ocr_line' id='line_1_42' title="bbox 170 2476 1403 2520; baseline 0.003 -15"><span class='ocrx_word' id='word_1_318' title='bbox 170 2479 287 2515; x_wconf 87' lang='lat' dir='ltr'>potest</span> <span class='ocrx_word' id='word_1_319' title='bbox 312 2476 514 2509; x_wconf 81' lang='lat' dir='ltr'>certissimo.</span> <span class='ocrx_word' id='word_1_320' title='bbox 563 2477 651 2510; x_wconf 84' lang='lat' dir='ltr'>Nam</span> <span class='ocrx_word' id='word_1_321' title='bbox 677 2478 813 2520; x_wconf 82' lang='lat' dir='ltr'>Olymp.</span> <span class='ocrx_word' id='word_1_322' title='bbox 840 2478 970 2509; x_wconf 80' lang='lat' dir='ltr'>XCVI.</span> <span class='ocrx_word' id='word_1_323' title='bbox 994 2477 1025 2511; x_wconf 89' lang='lat'>3.</span> <span class='ocrx_word' id='word_1_324' title='bbox 1051 2478 1099 2508; x_wconf 91' lang='lat' dir='ltr'>in.</span> <span class='ocrx_word' id='word_1_325' title='bbox 1126 2479 1147 2509; x_wconf 93' lang='lat' dir='ltr'>i.</span> <span class='ocrx_word' id='word_1_326' title='bbox 1173 2488 1202 2509; x_wconf 85' lang='lat' dir='ltr'>e.</span> <span class='ocrx_word' id='word_1_327' title='bbox 1229 2478 1321 2509; x_wconf 77' lang='lat' dir='ltr'>cirea</span> <span class='ocrx_word' id='word_1_328' title='bbox 1344 2488 1403 2509; x_wconf 88' lang='lat' dir='ltr'>au-</span> 
     </span>
     <span class='ocr_line' id='line_1_43' title="bbox 172 2521 1404 2565; baseline 0.003 -14"><span class='ocrx_word' id='word_1_329' title='bbox 172 2525 329 2552; x_wconf 87' lang='lat' dir='ltr'>tumnum</span> <span class='ocrx_word' id='word_1_330' title='bbox 361 2532 390 2554; x_wconf 87' lang='lat' dir='ltr'>a.</span> <span class='ocrx_word' id='word_1_331' title='bbox 422 2521 500 2556; x_wconf 83' lang='lat'>394.</span> <span class='ocrx_word' id='word_1_332' title='bbox 534 2534 564 2555; x_wconf 84' lang='lat' dir='ltr'>a.</span> <span class='ocrx_word' id='word_1_333' title='bbox 598 2523 681 2556; x_wconf 89' lang='lat' dir='ltr'>Chr.</span> <span class='ocrx_word' id='word_1_334' title='bbox 714 2536 746 2556; x_wconf 90' lang='lat' dir='ltr'>n.</span> <span class='ocrx_word' id='word_1_335' title='bbox 782 2525 938 2556; x_wconf 77' lang='lat' dir='ltr'>nondum</span> <span class='ocrx_word' id='word_1_336' title='bbox 971 2524 1161 2564; x_wconf 81' lang='lat' dir='ltr'>reliquerat</span> <span class='ocrx_word' id='word_1_337' title='bbox 1192 2524 1404 2565; x_wconf 82' lang='lat' dir='ltr'>Aegyptum,</span> 
     </span>
     <span class='ocr_line' id='line_1_44' title="bbox 172 2567 1404 2610; baseline 0.003 -12"><span class='ocrx_word' id='word_1_338' title='bbox 172 2567 274 2598; x_wconf 75' lang='lat' dir='ltr'>sicuti</span> <span class='ocrx_word' id='word_1_339' title='bbox 307 2577 349 2598; x_wconf 87' lang='lat' dir='ltr'>ex</span> <span class='ocrx_word' id='word_1_340' title='bbox 373 2569 415 2599; x_wconf 87' lang='lat' dir='ltr'>iis</span> <span class='ocrx_word' id='word_1_341' title='bbox 441 2573 552 2609; x_wconf 82' lang='lat' dir='ltr'>patet.</span> <span class='ocrx_word' id='word_1_342' title='bbox 586 2581 674 2610; x_wconf 83' lang='lat' dir='ltr'>quae</span> <span class='ocrx_word' id='word_1_343' title='bbox 703 2575 889 2603; x_wconf 85' lang='lat' dir='ltr'>narrantur</span> <span class='ocrx_word' id='word_1_344' title='bbox 921 2570 1014 2610; x_wconf 89' lang='lat' dir='ltr'>apud</span> <span class='ocrx_word' id='word_1_345' title='bbox 1045 2570 1326 2602; x_wconf 72' lang='lat' dir='ltr'>Plutarchum</span> <span class='ocrx_word' id='word_1_346' title='bbox 1352 2570 1404 2602; x_wconf 80' lang='lat' dir='ltr'>De</span> 
     </span>
     <span class='ocr_line' id='line_1_45' title="bbox 172 2613 1403 2656; baseline 0.003 -13"><span class='ocrx_word' id='word_1_347' title='bbox 172 2613 276 2654; x_wconf 82' lang='lat' dir='ltr'>genio</span> <span class='ocrx_word' id='word_1_348' title='bbox 316 2613 470 2646; x_wconf 75' lang='lat' dir='ltr'>Socratis</span> <span class='ocrx_word' id='word_1_349' title='bbox 502 2626 534 2656; x_wconf 87' lang='lat' dir='ltr'>p.</span> <span class='ocrx_word' id='word_1_350' title='bbox 567 2615 646 2650; x_wconf 83' lang='lat'>579.</span> <span class='ocrx_word' id='word_1_351' title='bbox 682 2616 722 2648; x_wconf 94' lang='lat' dir='ltr'>B.</span> <span class='ocrx_word' id='word_1_352' title='bbox 765 2617 855 2649; x_wconf 85' lang='lat' dir='ltr'>conf.</span> <span class='ocrx_word' id='word_1_353' title='bbox 896 2616 1104 2647; x_wconf 90' lang='lat' dir='ltr'>Dodwell.</span> <span class='ocrx_word' id='word_1_354' title='bbox 1138 2616 1303 2648; x_wconf 87' lang='lat' dir='ltr'>Chronol.</span> <span class='ocrx_word' id='word_1_355' title='bbox 1334 2615 1403 2647; x_wconf 71' lang='lat' dir='ltr'>Xe-</span> 
     </span>
     <span class='ocr_line' id='line_1_46' title="bbox 177 2658 1403 2702; baseline 0.004 -13"><span class='ocrx_word' id='word_1_356' title='bbox 177 2658 283 2700; x_wconf 86' lang='lat' dir='ltr'>noph.</span> <span class='ocrx_word' id='word_1_357' title='bbox 318 2670 346 2691; x_wconf 84' lang='lat' dir='ltr'>c.</span> <span class='ocrx_word' id='word_1_358' title='bbox 369 2660 481 2693; x_wconf 56' lang='lat' dir='ltr'>Xx&#39;ll.</span> <span class='ocrx_word' id='word_1_359' title='bbox 506 2671 539 2702; x_wconf 87' lang='lat' dir='ltr'>p.</span> <span class='ocrx_word' id='word_1_360' title='bbox 563 2660 618 2696; x_wconf 80' lang='lat'>28.</span> <span class='ocrx_word' id='word_1_361' title='bbox 645 2663 687 2694; x_wconf 87' lang='lat' dir='ltr'>ed</span> <span class='ocrx_word' id='word_1_362' title='bbox 730 2662 932 2695; x_wconf 82' lang='lat' dir='ltr'>Schneider.</span> <span class='ocrx_word' id='word_1_363' title='bbox 982 2661 1110 2693; x_wconf 81' lang='lat' dir='ltr'>Cliton.</span> <span class='ocrx_word' id='word_1_364' title='bbox 1136 2662 1224 2694; x_wconf 84' lang='lat' dir='ltr'>Fast</span> <span class='ocrx_word' id='word_1_365' title='bbox 1265 2663 1403 2695; x_wconf 84' lang='lat' dir='ltr'>Hellen.</span> 
     </span>
     <span class='ocr_line' id='line_1_47' title="bbox 176 2704 1405 2751; baseline 0.003 -15"><span class='ocrx_word' id='word_1_366' title='bbox 176 2715 203 2736; x_wconf 80' lang='lat' dir='ltr'>s.</span> <span class='ocrx_word' id='word_1_367' title='bbox 235 2704 270 2736; x_wconf 89' lang='lat' dir='ltr'>h.</span> <span class='ocrx_word' id='word_1_368' title='bbox 305 2715 335 2737; x_wconf 80' lang='lat' dir='ltr'>a.</span> <span class='ocrx_word' id='word_1_369' title='bbox 390 2706 551 2738; x_wconf 74' lang='lat' dir='ltr'>Rediisse</span> <span class='ocrx_word' id='word_1_370' title='bbox 586 2712 700 2742; x_wconf 77' lang='lat' dir='ltr'>autem</span> <span class='ocrx_word' id='word_1_371' title='bbox 732 2710 845 2751; x_wconf 86' lang='lat' dir='ltr'>ipsum</span> <span class='ocrx_word' id='word_1_372' title='bbox 876 2708 1034 2739; x_wconf 81' lang='lat' dir='ltr'>Athenas</span> <span class='ocrx_word' id='word_1_373' title='bbox 1067 2709 1135 2742; x_wconf 87' lang='lat' dir='ltr'>iam</span> <span class='ocrx_word' id='word_1_374' title='bbox 1167 2719 1258 2741; x_wconf 80' lang='lat' dir='ltr'>anno</span> <span class='ocrx_word' id='word_1_375' title='bbox 1284 2709 1405 2740; x_wconf 82' lang='lat' dir='ltr'>eodem</span> 
     </span>
     <span class='ocr_line' id='line_1_48' title="bbox 175 2753 1028 2792; baseline 0.004 -11"><span class='ocrx_word' id='word_1_376' title='bbox 175 2754 236 2782; x_wconf 75' lang='lat' dir='ltr'>aut</span> <span class='ocrx_word' id='word_1_377' title='bbox 260 2753 418 2792; x_wconf 81' lang='lat' dir='ltr'>proximo</span> <span class='ocrx_word' id='word_1_378' title='bbox 444 2763 486 2785; x_wconf 80' lang='lat' dir='ltr'>ex</span> <span class='ocrx_word' id='word_1_379' title='bbox 511 2754 692 2787; x_wconf 72' lang='lat' dir='ltr'>itineribus</span> <span class='ocrx_word' id='word_1_380' title='bbox 718 2766 799 2788; x_wconf 82' lang='lat' dir='ltr'>mox</span> <span class='ocrx_word' id='word_1_381' title='bbox 825 2754 1028 2787; x_wconf 75' lang='lat' dir='ltr'>videbimus.</span> 
     </span>
    </p>
   </div>
  </div>
 </body>
</html>
