1644 3039
1214 184 1375 225 XXXI

30 304 192 345 nitente
224 302 432 353 Platone,
476 314 526 341 ne
566 299 670 353 quid
701 300 742 340 in
774 301 900 341 talem
939 303 1072 341 virum
1105 299 1259 340 iniuste
1292 305 1379 340 sta-

28 366 234 401 tueretur.
294 357 394 410 Quo
426 357 541 399 facto
573 371 657 397 uon
689 357 828 398 solum
858 358 1149 412 improborum
1182 356 1380 410 potentia

28 417 186 470 crevit,
230 414 307 457 sed
339 415 465 456 etiam
496 414 661 455 animus
694 414 807 470 regis
839 415 899 455 ita
931 415 1075 470 coepit
1103 413 1282 465 mutari,
1314 419 1377 466 ut,

26 473 131 529 quid
168 479 420 515 eventurum
461 476 597 523 esset,
648 470 764 512 viros
812 472 1029 526 sapientes
1068 486 1153 512 non
1196 470 1379 526 amplius

25 531 262 586 praeterire
309 535 471 585 posset.
550 527 649 568 Etsi
698 528 832 582 igitur
871 529 1112 585 Dionysius
1153 527 1379 568 Platonem

27 588 227 630 omnibus
257 586 396 628 modis
427 585 611 627 retinere
643 585 836 639 studuit,
870 586 992 626 cuius
1024 584 1265 626 discessum
1296 583 1378 625 sibi

28 644 230 686 dedecori
270 645 360 685 sore
402 641 709 694 arbitrabatur,
757 650 899 684 tamen
942 642 1253 697 philosophus,
1307 641 1379 695 qui

28 708 141 744 artes
172 701 330 742 civium
359 699 649 755 improborum
676 700 984 754 perspexisset,
1017 700 1059 739 in
1083 699 1264 754 patriam
1297 698 1380 739 sibi

24 756 292 800 redeundum
331 756 553 798 iudicavit.
623 754 842 809 Quocirca
880 757 1109 811 impetrata
1154 756 1213 796 rei
1253 755 1380 796 venia

25 815 200 856 tandem
242 829 391 856 rursus
430 813 628 855 Athenas
674 814 867 854 revertit.
937 812 1069 866 Quod
1111 812 1284 866 quidem
1327 827 1379 853 ex

27 870 281 913 Corsinii
336 871 500 912 ratione
550 870 611 911 ita
662 870 824 912 accidit
875 869 1050 926 Olymp.
1097 870 1220 911 Clll.
1262 872 1298 910 4.
1340 885 1378 910 a.

27 930 123 973 365.
154 944 191 970 a.
225 927 326 969 Chr.
357 943 397 969 n.
429 928 602 969 biennio
633 933 736 983 post
765 943 893 982 quam
923 928 1144 983 profectus
1177 933 1270 967 erat
1301 925 1379 982 Sy·

27 1000 200 1027 racusas
232 987 251 1006 *
279 1017 288 1026 .

139 1041 271 1095 Quod
311 1048 453 1083 autem
493 1041 655 1082 fecerat
699 1056 751 1082 ex
828 1041 933 1082 rimo
965 1041 1116 1082 itinere
1148 1040 1284 1082 redux
1315 1041 1378 1081 fa-

25 1105 148 1152 ctus,
188 1105 237 1140 ut
276 1112 323 1140 se
364 1104 503 1140 totum
544 1097 723 1140 dederet
761 1056 1063 1154 piiilosophiae
1104 1098 1287 1150 studiis,
1334 1097 1377 1138 id

25 1156 254 1211 quominus
286 1170 400 1197 nunc
429 1170 602 1209 quoque
633 1156 817 1209 faceret,
862 1155 1176 1210 prohibuerunt
1215 1162 1379 1211 tempe-

24 1219 158 1254 states
188 1228 287 1254 mox
317 1213 550 1254 insecutae.
611 1211 756 1265 Quum
789 1212 901 1253 enirn
934 1212 1020 1254 Dio
1040 1212 1226 1254 Athenis
1257 1212 1379 1254 exsul

25 1269 212 1322 viveret,
254 1269 345 1324 ipse
377 1279 519 1309 autem
550 1274 735 1323 tyranno
775 1269 995 1324 pollicitus
1036 1276 1151 1311 esset
1189 1270 1299 1310 velle
1332 1284 1378 1311 se

24 1326 184 1367 reverti
234 1325 499 1382 Syracusas,
552 1326 587 1366 si
639 1326 726 1367 Dio
765 1326 807 1367 iu
853 1326 1036 1380 patriam
1085 1332 1377 1378 revocaretur,

23 1389 196 1439 praeter
225 1382 593 1438 exspectationem
625 1382 799 1436 accidit,
830 1389 878 1424 ut
907 1399 993 1424 non
1023 1383 1083 1424 ita
1113 1384 1247 1424 multo
1279 1390 1379 1438 post

22 1439 195 1480 tertium
239 1439 321 1480 iter
364 1438 407 1479 in
438 1437 631 1481 Siciliam
662 1446 777 1481 esset
816 1440 1154 1494 suscipiendum.
1214 1440 1377 1481 Invita-

24 1503 94 1537 tus
136 1502 202 1537 est
243 1496 355 1537 enim
386 1510 410 1535 a
442 1495 680 1552 Dionysio,
719 1496 808 1538 sive
850 1497 967 1551 quod
1007 1497 1042 1538 is
1082 1497 1376 1552 improborum

23 1553 242 1594 hominum
283 1551 463 1594 consilia
505 1567 619 1593 nunc
663 1553 756 1609 ipse
798 1554 997 1595 reiiceret
1027 1560 1066 1594 et
1097 1554 1374 1609 improbaret,

25 1611 115 1652 sive
146 1609 264 1663 quod
295 1609 533 1650 discessum
567 1609 765 1652 Platonis
796 1626 898 1666 prae
924 1611 1040 1652 inani
1073 1611 1258 1664 quadam
1289 1627 1377 1652 am-

23 1667 186 1708 bitione
224 1666 450 1720 laudisque
492 1666 635 1708 studio
679 1683 807 1723 aegre
846 1668 1000 1722 ferret,
1048 1676 1095 1709 ut
1136 1668 1376 1725 Syracusas

22 1730 321 1766 reverteretur.
384 1722 558 1776 Quibus
594 1725 767 1779 tyranni
807 1725 1008 1779 precibus
1049 1725 1129 1766 etsi
1170 1726 1222 1767 ab
1253 1726 1375 1766 initio

22 1780 130 1822 nihil
161 1779 440 1823 tribuendum
469 1782 653 1834 putavit,
685 1787 827 1822 tamen
860 1797 990 1835 quum
1020 1782 1090 1823 ille
1122 1798 1207 1823 non
1239 1783 1377 1824 solum

23 1838 119 1893 ipse
147 1838 426 1893 polliceretur
454 1837 564 1878 velle
606 1852 652 1878 se
684 1837 868 1879 Dionem
902 1839 1131 1880 restituere
1163 1839 1376 1894 bonisque

25 1894 214 1936 consiliis
246 1893 567 1949 obtemperare,
607 1893 686 1934 sed
729 1895 857 1935 etiam
888 1896 1014 1937 amici
1046 1895 1265 1950 Platonis,
1298 1897 1376 1937 im-

23 1951 173 2006 primis
206 1950 425 2007 Archytas
445 1950 708 1992 Tarentinus
742 1951 898 2006 aliique
920 1952 1199 2009 Pythagorei,
1231 1969 1376 2009 regem

25 2006 80 2048 ad
109 2008 265 2049 bonam
295 2008 463 2063 frugem
491 2007 655 2049 redisse
686 2007 965 2062 affirmarent,
1001 2009 1175 2050 tandem
1206 2025 1281 2066 spe
1309 2026 1375 2052 re-

24 2080 118 2106 rum
147 2064 369 2107 meliorum
399 2065 542 2105 animo
573 2071 785 2121 concepta
815 2066 991 2108 tertium
1022 2067 1102 2108 iter
1133 2066 1374 2122 Syracusas

25 2121 245 2177 suscipere
293 2121 531 2163 constituit.
612 2122 768 2176 Itaque
817 2123 1042 2179 navigavit
1088 2124 1131 2165 in
1183 2124 1374 2168 Siciliam

27 2177 203 2234 Olymp.
235 2177 355 2222 CIV.
375 2181 414 2220 4.
449 2193 485 2219 a.
519 2179 612 2222 361.
643 2194 680 2220 a.
712 2177 814 2220 Chr.
846 2195 888 2222 n.
923 2195 1035 2222 anno
1065 2182 1219 2223 aetatis
1252 2197 1374 2223 sexa-

26 2235 188 2290 gesimo
219 2251 347 2277 nono.
410 2235 501 2278 Sed
541 2251 640 2291 spes
681 2236 774 2278 eius
805 2244 896 2278 tum
927 2253 1100 2292 quoque
1130 2239 1174 2279 in
1205 2239 1374 2279 irritum

27 2290 196 2332 cecidit.
262 2292 377 2334 Nam
416 2298 626 2348 tyrannus
667 2308 808 2347 neque
848 2293 1038 2336 Dionem
1078 2295 1300 2336 revocavit
1329 2295 1372 2337 in

26 2348 208 2403 patriam
247 2354 290 2389 et
328 2350 515 2405 grassari
566 2351 681 2391 omni
720 2350 881 2393 scelere
922 2353 1076 2407 coepit.
1148 2352 1375 2394 Platonem

25 2419 129 2446 vero
169 2404 354 2447 reditum
392 2406 436 2447 in
476 2406 661 2462 patriam
701 2414 920 2463 parantem
952 2424 1039 2450 non
1070 2409 1207 2450 solum
1239 2409 1374 2450 omni—

25 2461 108 2503 bus
149 2460 287 2504 modis
324 2462 477 2504 itinere
516 2463 761 2519 prohibuit,
803 2464 879 2507 sed
917 2465 1043 2507 etiam
1074 2465 1250 2508 vexavit
1278 2481 1373 2508 cru-

26 2517 266 2572 delissime,
298 2525 347 2561 ut
379 2519 576 2563 omnibus
606 2521 840 2565 clarissime
871 2528 1099 2579 appareret
1127 2538 1213 2564 non
1243 2538 1372 2579 posse

77 2710 113 2753 ⁸¹¹)
143 2711 192 2743 De
224 2712 278 2744 his
309 2714 468 2745 omnibus
499 2714 665 2756 legendus
700 2719 751 2747 est
784 2715 954 2757 imprimis
987 2714 1261 2747 Plutarchus
1294 2716 1303 2744 1
1343 2726 1371 2748 r,

141 2758 183 2788 ef.
210 2757 496 2791 Tonnemann.
523 2770 554 2801 p,
585 2758 629 2792 54
654 2770 742 2801 sqq„
768 2763 826 2802 qni
854 2771 923 2793 rem
951 2761 1091 2792 uberius
1118 2762 1289 2800 exposuit.
