1644 3039
200 154 277 196 146

700 153 1074 197 PLATONIS

198 272 334 322 λητον
367 271 448 324 μὲν
483 263 588 323 οὖν,
624 268 682 320 ὡς
715 273 810 325 ἐμοὶ
844 273 981 325 δοκῶ,
1019 274 1089 314 καὶ
1127 274 1210 315 νῦν
1244 272 1546 332 άποπέφευγα.

200 339 270 379 καὶ
308 336 360 379 οὐ
391 335 530 392 μόνον
561 336 873 395 ἀποφέφευγα,
907 337 1021 381 ἀλλὰ
1060 341 1191 381 παντὶ
1242 342 1376 392 δῆλον
1414 339 1546 384 τοῦτό

201 420 271 458 γε,
316 402 406 453 ὅτι,
451 409 486 446 εὶ
519 402 579 459 μὴ
616 403 752 459 ἀνέβη
777 403 960 455 ’Ἄνυτος
996 409 1067 447 καὶ
1106 404 1268 449 Λύκων
1305 405 1551 463 κατηγορή-

203 514 374 554 ciperem,
401 514 496 554 quod
525 513 673 545 subinde
713 514 843 546 factum

204 569 280 591 esse
309 569 351 590 ex
376 560 544 594 Polluc.
586 559 651 591 On.
670 560 762 592 Vlll.
789 561 845 595 33.

208 606 287 637 coll.
322 605 401 639 123.
434 606 573 647 Lysia
603 606 639 637 in
670 607 782 647 Agor.
814 606 844 647 ξ.

208 650 264 685 35.
290 652 409 692 colligi
443 652 533 684 licet.
558 662 590 683 v.
617 652 846 684 Tittmann.

210 698 368 729 Civitatt.
395 696 520 730 Graec.
544 708 577 739 p.
593 697 670 731 114.
698 699 846 730 Meier.

212 749 246 776 et
271 743 553 776 Schoemann.
580 744 739 776 Process.
773 746 852 776 Att.

211 801 245 832 p.
271 790 348 824 139.
383 789 473 822 Nam
499 794 537 821 ut
559 800 632 822 rem
656 791 774 831 paullo
799 792 849 823 al-

209 838 279 868 tius
294 840 502 878 repetamus,
527 837 617 868 ratio
642 837 851 868 iudiciorum

211 884 483 915 Heliasticorum
498 883 661 914 universa
672 883 757 914 haec
773 883 849 914 fuit.

210 930 441 970 Eligebantur
454 930 640 970 quotannis
656 939 697 960 ex
716 929 851 959 univer-

213 986 251 1008 so
285 985 428 1007 numero
454 975 602 1015 civium,
632 976 692 1016 qui
725 985 852 1006 annum

215 1022 341 1054 aetatis
367 1021 579 1052 tricesimum
608 1021 852 1060 excessissent,

216 1069 329 1100 sexies
355 1068 449 1098 mille
473 1067 579 1098 iurati
603 1067 748 1107 iudices,
777 1077 851 1098 sor-

215 1115 340 1145 titione
359 1124 379 1144 a
391 1123 517 1144 novem
538 1113 762 1144 archontibus
778 1123 853 1144 cum

217 1160 331 1192 scriba
344 1160 481 1201 publice
497 1159 670 1191 instituta.
718 1159 855 1189 Horum

217 1206 343 1237 deinde
369 1205 522 1246 quinque
547 1205 657 1237 millia
681 1204 855 1236 describe-

215 1253 342 1284 bantur
365 1252 401 1282 in
426 1251 544 1282 decem
579 1251 737 1283 decurias
762 1250 856 1281 viro-

217 1309 293 1330 rum
326 1298 599 1339 quiugenorum‚
636 1296 855 1338 quandoqui-

218 1345 295 1376 dem
326 1344 421 1376 mille
453 1343 521 1382 illi,
553 1343 611 1383 qui
641 1345 857 1384 supererant,

219 1391 250 1422 si
284 1400 353 1431 qua
383 1399 470 1431 opus
503 1393 614 1429 esset,
654 1387 858 1430 supplendis

220 1436 368 1477 singulis
420 1435 571 1467 decuriis
624 1435 861 1466 inserviebant

220 1480 858 1520 (1000warenErsatzmanner).

222 1528 320 1567 Quae
345 1528 484 1568 quidem
516 1522 677 1559 decuriae
704 1527 860 1567 appella-

221 1580 278 1608 tae
310 1578 392 1605 sunt
423 1570 630 1615 δικαστήρια.
677 1572 751 1604 Iam
778 1581 861 1603 vero

221 1624 258 1654 in
282 1620 459 1662 plerisque
494 1620 626 1651 caussis
661 1629 730 1649 una
754 1619 856 1649 decu-

222 1669 275 1699 ria
298 1667 466 1698 iudicium
492 1665 691 1703 exercebat,
717 1664 752 1695 in
780 1674 857 1704 gra-

222 1713 379 1745 vioribus
405 1721 489 1743 vero
515 1711 647 1743 caussis
679 1712 782 1741 etiam
807 1710 858 1740 bi-

223 1770 289 1791 nae
298 1759 352 1789 vel
362 1762 479 1790 ternae
488 1759 541 1790 vel
552 1761 741 1798 quaternae
757 1757 861 1787 decu-

224 1806 297 1838 riae
328 1801 571 1846 (δικαστήρια)
609 1803 861 1843 iungebantur3

226 1852 309 1893 quin
323 1851 427 1883 etiam
443 1851 536 1891 apud
557 1849 769 1881 Andocid.
808 1847 863 1879 De

225 1900 366 1940 myster.
398 1899 428 1937 ξ.
458 1896 512 1930 17.
544 1896 635 1930 6000
665 1895 757 1926 cives
793 1893 865 1925 suf-

224 1943 338 1983 fragia
378 1943 501 1974 tulisse
532 1945 730 1973 narrantur.
790 1939 865 1971 Nec

225 1994 338 2021 tamen
363 1998 498 2029 semper
514 1988 782 2028 quingentorum
801 1996 863 2016 nu-

226 2033 625 2075 meruscompletusfuit.
659 2031 750 2063 Nam
760 2031 864 2062 etiam

226 2081 363 2112 minora
386 2084 485 2112 erant
509 2079 650 2117 iudicia,
678 2078 714 2109 in
740 2077 864 2118 quibus

226 2127 358 2158 iudices
385 2125 524 2158 ducenti
546 2126 601 2156 vel
619 2123 865 2165 quadringenti

228 2174 412 2213 sedebant,
450 2173 492 2204 de
532 2181 599 2212 quo
631 2181 664 2201 v.
699 2169 862 2200 l‘olluc.

230 2218 296 2251 On.
321 2219 422 2251 VIII.
437 2218 493 2252 48.
517 2218 635 2249 Etiam
653 2214 863 2256 septingenti

229 2266 363 2297 iudices
388 2268 624 2297 memorantur
655 2261 747 2302 apud
773 2262 862 2292 Iso·

229 2315 332 2344 crat.
371 2312 451 2343 adv.
492 2308 694 2342 Callimach.
739 2306 767 2347 ᾗ.
806 2305 863 2339 54.

230 2358 350 2398 ltaque
373 2358 469 2389 nullo
489 2356 594 2388 modo
613 2359 665 2386 est
688 2353 864 2392 credibile,

230 2404 273 2436 de
299 2413 422 2436 caussa
437 2403 592 2435 Socratis
613 2399 680 2434 556
706 2399 797 2431 cives
814 2399 865 2430 iu-

233 2450 417 2482 dicavisse.

233 2500 296 2533 est,
319 2500 358 2527 ut
381 2500 441 2528 aut
470 2494 563 2536 apud
587 2493 770 2525 Platonem
793 2491 867 2527 vul-

233 2546 316 2583 gata
339 2542 442 2574 lectio
467 2543 555 2582 τρεῖς
579 2539 707 2570 vitiosa
731 2538 786 2577 sit,
812 2541 871 2568 aut

237 2588 332 2630 apud
355 2589 552 2628 Diogenem
582 2585 759 2617 Laenium
785 2583 869 2614 irre-

235 2635 343 2676 pserit
367 2643 478 2670 error.
501 2633 549 2664 Et
572 2631 665 2672 apud
684 2630 775 2661 hunc
795 2629 869 2670 qui-

236 2681 314 2712 dem
333 2691 395 2721 pro
423 2675 637 2722 ὁγδοήκοντα
658 2677 688 2709 si
702 2676 870 2708 scribatur

238 2724 463 2768 πεντήκοντα,
493 2735 548 2757 res
579 2727 744 2765 protenus
774 2721 871 2753 salva

238 2772 315 2803 erit.

464 2449 521 2481 Ex
552 2457 620 2489 quo
649 2455 865 2486 consequens

365 2773 436 2804 Sed
461 2770 683 2804 verisimilius
710 2771 762 2801 est
778 2767 870 2808 apud

913 517 1092 548 Platonem
1130 526 1204 547 esse
1248 520 1411 548 erratum.
1461 516 1552 548 Nam

913 562 1054 603 plurimi
1079 566 1169 593 certe
1205 562 1300 603 iique
1324 563 1552 603 praestantis-

914 609 992 640 simi
1003 608 1082 639 libri
1098 608 1227 639 habent
1238 607 1425 648 τριάκοντα.
1449 608 1554 641 Quod

915 664 975 686 cur
1011 655 1047 685 in
1082 657 1169 695 τρεῖς
1194 654 1336 694 abierit,
1370 664 1493 686 caussa
1517 655 1554 686 in

913 705 1052 742 promtu
1078 704 1141 731 est.
1190 700 1313 731 Visum
1337 701 1428 731 enim
1452 700 1554 732 bonis

916 747 1045 778 criticis
1072 750 1133 783 est,
1158 746 1260 777 istum
1278 756 1458 777 numerum
1479 757 1555 778 cum

916 793 1036 825 addito
1061 790 1162 831 μόναι
1187 792 1299 823 minus
1320 792 1407 823 bene
1431 802 1556 823 conve-

917 839 1014 878 nire3
1040 840 1158 879 itaque
1182 838 1275 869 hunc
1292 842 1458 879 protenus
1483 848 1557 869 mu-

917 889 1033 916 tarunt
1060 885 1095 915 in
1112 887 1210 924 τρεῖς,
1236 885 1283 914 ita
1303 884 1434 915 scilicet
1454 884 1557 915 etiam

918 932 1048 972 optime
1062 932 1104 962 de
1114 929 1258 961 Socrate
1274 929 1441 969 merituri,
1458 930 1557 971 quip-

918 988 961 1018 pe
987 977 1045 1018 qui
1069 977 1137 1008 iam
1155 976 1329 1007 videretur
1346 976 1434 1007 adeo
1453 977 1558 1006 trium

919 1027 1054 1054 tantum
1064 1022 1310 1063 suffragiorum
1323 1032 1465 1053 numero
1477 1032 1557 1052 con-

922 1070 1103 1100 demnatus
1130 1078 1217 1100 esse.
1264 1067 1304 1099 ln
1336 1078 1405 1108 quo
1438 1067 1559 1108 optimi

924 1115 990 1145 viri
1034 1125 1117 1145 sane
1149 1114 1416 1145 benevolentius
1456 1123 1559 1153 quam

924 1161 1057 1191 cautius
1096 1164 1252 1200 egerunt.
1309 1159 1400 1191 Nam
1439 1159 1559 1190 rectis-

924 1207 1010 1237 sime
1044 1206 1173 1237 dictum
1207 1209 1259 1236 est
1292 1202 1470 1245 τριάκοντα
1502 1201 1564 1243 μό-

925 1263 997 1292 ναι,
1030 1253 1195 1293 quoniam
1218 1251 1274 1282 vel
1304 1251 1449 1291 triginta
1472 1250 1562 1281 iudi-

925 1308 981 1330 ces
1006 1308 1068 1338 pro
1094 1297 1227 1329 numeri
1251 1296 1319 1331 500
1337 1297 1563 1337 amplitudine

925 1354 1115 1385 sanequam
1148 1343 1249 1385 pauci
1291 1344 1449 1381 fuerunt3
1489 1342 1562 1374 effi-

926 1391 1020 1422 ciunt
1045 1390 1136 1421 enim
1160 1389 1313 1421 nondum
1337 1393 1469 1430 partem
1490 1388 1564 1420 eius

925 1437 1107 1478 septimam
1140 1436 1317 1467 decimam.
1368 1434 1449 1466 Jam
1479 1443 1563 1465 vero

926 1483 986 1513 ubi
1010 1482 1250 1522 amplectimur
1284 1481 1376 1522 quod
1402 1481 1437 1511 in
1463 1490 1563 1522 prae-

929 1528 1152 1560 stantissimis
1193 1526 1370 1558 codicibus
1408 1526 1564 1558 Platonis

929 1574 1093 1614 scriptum
1139 1573 1283 1615 legitur,
1328 1573 1456 1611 nodus,
1507 1573 1565 1613 qui

925 1621 1019 1651 visus
1052 1629 1186 1660 semper
1210 1623 1262 1650 est
1295 1619 1400 1659 longe
1426 1618 1566 1649 difficil-

923 1667 1045 1705 limus,
1088 1665 1184 1696 nullo
1228 1665 1370 1705 negotio
1409 1664 1567 1705 expediri

926 1715 1051 1753 potest.
1099 1710 1273 1742 Sederunt
1289 1711 1391 1749 enim,
1412 1714 1450 1741 ut
1471 1710 1567 1741 vide-

927 1764 1001 1797 tur,
1033 1758 1068 1787 in
1100 1767 1223 1788 caussa
1248 1756 1403 1788 Socratis
1434 1756 1568 1787 iudices

931 1803 1113 1844 quingenti
1132 1807 1165 1834 et
1174 1813 1274 1840 unns,
1286 1802 1568 1843 quandoquidem

930 1851 979 1881 ita
1006 1850 1201 1880 institutum
1226 1848 1334 1879 fuisse
1360 1852 1508 1887 constat,
1532 1852 1570 1878 ut

930 1896 1006 1938 pari
1033 1905 1176 1926 numero
1212 1895 1286 1925 fere
1310 1904 1399 1925 unus
1426 1894 1569 1925 addere·

931 1947 998 1981 tur,
1025 1951 1068 1972 ne
1102 1941 1241 1982 quaudo
1274 1941 1443 1971 incertum
1474 1939 1568 1970 vide-

931 1993 1026 2019 retur
1049 1987 1234 2028 iudicium,
1268 1986 1295 2017 si
1330 1986 1427 2027 paria
1456 1988 1571 2017 essent

931 2034 1083 2064 iudicum
1115 2032 1293 2072 suffragia.
1327 2042 1360 2063 v.
1403 2031 1570 2063 Polluc-

932 2078 999 2110 On.
1042 2078 1138 2110 VIII.
1176 2076 1234 2112 48.
1272 2077 1497 2108 Demosth.
1534 2077 1570 2107 in

931 2124 1085 2155 Timocr.
1101 2123 1131 2164 ξ.
1146 2124 1167 2157 9
1193 2134 1226 2164 p.
1238 2122 1315 2156 702.
1333 2123 1411 2154 coll.
1425 2122 1570 2154 Meier.

930 2174 963 2201 et
989 2169 1286 2201 Schoemann.
1314 2171 1466 2200 l‘rocess.
1495 2169 1572 2200 Att.

930 2226 963 2257 p.
988 2215 1053 2249 139
1068 2226 1119 2256 sq.
1145 2216 1223 2246 Hoc
1246 2219 1359 2246 autem
1378 2214 1404 2245 si
1423 2214 1472 2246 ita
1494 2214 1572 2254 fuit,

932 2266 1131 2302 comparato
1168 2262 1235 2292 hoc
1276 2260 1433 2292 Platonis
1475 2261 1571 2292 testi-

933 2308 1049 2340 monio
1080 2318 1155 2339 cum
1184 2306 1348 2346 Diogenis
1383 2306 1573 2338 narratione

933 2353 1100 2391 efficitur,
1142 2357 1177 2384 ut
1211 2352 1341 2383 iudices
1367 2351 1511 2383 *ducenti
1538 2354 1573 2384 et

933 2397 1574 2440 octogiutaunuseundemcondemna-

935 2446 1027 2477 visse
1053 2443 1265 2477 existimandi
1291 2443 1367 2477 sint.
1416 2443 1502 2475 Nam
1531 2452 1573 2474 ne

938 2493 1127 2523 statuamus
1147 2490 1356 2522 constitutos
1371 2488 1476 2520 fuisse
1492 2488 1572 2527 601,

937 2536 998 2568 sed
1026 2548 1067 2570 ex
1093 2535 1140 2568 his
1157 2535 1253 2575 alios,
1283 2533 1359 2575 quia
1376 2544 1440 2566 uon
1466 2535 1572 2575 lique-

937 2586 1001 2621 ret,
1028 2582 1227 2615 sententiam
1245 2590 1309 2612 non
1330 2580 1460 2619 tulisse,
1488 2580 1574 2612 alios

938 2628 1039 2661 etiam
1065 2627 1213 2659 abfuisse
1244 2627 1295 2657 vel
1331 2635 1409 2657 sero
1440 2626 1574 2658 venisse

941 2673 1002 2716 (de
1027 2683 1094 2715 quo
1120 2683 1150 2707 v.
1178 2671 1322 2704 Meier.
1350 2674 1384 2703 et
1414 2670 1574 2703 Schoe-

939 2729 1070 2752 mann.
1106 2729 1136 2760 p.
1165 2718 1230 2753 722
1254 2727 1306 2759 sq.
1342 2721 1413 2748 not.
1439 2718 1516 2748 coll.
1540 2727 1573 2758 p.

940 2765 1056 2808 140.),·
1076 2769 1169 2797 certe
1185 2762 1268 2796 illud
1286 2772 1494 2804 magnopere
1511 2763 1573 2795 im-
