1644 3039
194 163 241 201 18
563 156 1045 200 PROLEGOMENA
1079 158 1165 198 AD

189 278 417 329 propterea
445 286 645 327 magnam
672 271 879 312 invidiam
909 277 1099 312 coortam
1119 285 1229 323 esse,
1261 269 1378 325 quod
1409 270 1536 312 istam

191 345 311 371 suam
350 327 613 382 quaerendi,
672 328 943 380 sciscitandi,
988 327 1276 383 coarguendi,
1319 326 1537 368 refutandi

190 384 549 428 consuetudinem
571 385 774 426 aemulati
794 386 881 427 sint
911 385 1040 426 etiam
1068 383 1366 426 adolescentes
1396 383 1539 440 ipsum

192 443 440 495 audientes,
483 447 533 482 ut
570 441 680 482 adeo
721 458 771 483 eo
810 442 982 483 nomine
1033 450 1262 495 corruptor
1300 440 1539 481 iuventutis

191 499 417 541 dictitatus
461 499 530 540 sit.
603 498 734 551 Quod
775 514 923 540 rursus
966 502 1024 538 ita
1065 504 1281 538 narratum
1324 511 1446 550 esse,
1494 503 1543 536 ut

191 557 334 598 onmia
372 562 503 609 atque
542 556 712 611 singula
752 571 896 597 veram
937 555 1061 596 nobis
1106 560 1433 609 repraesentent
1461 554 1542 594 viri

191 612 399 668 sapientis
431 612 645 667 speciem,
678 619 795 653 certe
828 627 950 653 nemo
982 612 1211 665 quisquam
1240 611 1434 666 negabit,
1468 610 1543 664 qui

195 671 301 710 bene
331 684 494 710 memor
534 670 663 709 fuerit
704 684 874 721 eorum,
921 684 1029 721 quae
1070 667 1122 708 de
1166 667 1249 708 hoc
1292 682 1408 707 more
1451 667 1543 707 eius

193 742 288 767 cum
322 726 570 766 hominibus
603 726 793 766 omnium
826 725 1025 766 ordinum
1066 723 1372 766 confabulandi
1413 730 1543 778 atque

193 781 435 824 disserendi
466 782 790 836 Xenophon
818 783 949 823 Mem.
981 782 1016 824 I.
1054 784 1088 834 l,
1125 783 1188 823 1Ο.
1221 780 1255 821 Ι.
1288 782 1328 833 2,
1361 782 1412 822 37
1447 794 1542 834 sqq.

192 840 275 881 III.
315 840 374 879 10.
409 839 460 880 al.
492 840 722 880 memoriae
753 838 958 893 prodidit.
1026 839 1117 880 Isto
1159 844 1303 878 autem
1344 837 1542 878 veritatis

191 895 335 938 studio
378 911 475 936 eum
514 896 596 937 sibi
642 895 910 937 contraxisse
943 894 1089 936 odium
1118 895 1308 935 virorum
1338 893 1544 942 civilium,

194 959 435 1008 poetarum,
471 960 689 994 oratorum
722 968 772 993 ac
803 951 1166 1008 demagogorum,
1201 951 1274 1005 qui
1304 951 1373 991 vel
1404 949 1545 1005 digni-

191 1010 295 1051 tatis
338 1024 440 1050 suae
479 1015 602 1064 parte
644 1024 689 1050 se
730 1010 922 1064 privatos
964 1014 1167 1062 putarent
1211 1008 1279 1048 vel
1310 1022 1377 1048 res
1408 1020 1544 1047 novas

193 1067 245 1107 ab
278 1081 328 1107 eo
368 1066 438 1121 agi
479 1066 834 1120 suspicarentur,
880 1065 988 1106 adeo
1030 1072 1095 1106 est
1125 1064 1454 1120 pervulgatum,
1499 1069 1548 1104 ut

193 1124 244 1164 ab
278 1123 475 1163 omnibus
502 1122 707 1163 unanima
727 1122 1010 1163 consensione
1031 1122 1320 1163 confirmetur.
1340 1137 1378 1161 v.
1402 1121 1436 1161 P
1451 1119 1463 1159 l
1478 1125 1545 1159 at.

192 1179 501 1235 Euthyphr.
543 1185 586 1219 et
628 1179 842 1220 Menon.
891 1185 999 1219 extr.
1046 1178 1264 1232 iVIenag.
1318 1176 1373 1217 ad
1412 1177 1546 1232 Diog.

193 1237 340 1278 Laert.
369 1235 428 1276 II.
462 1236 528 1276 21.
552 1235 603 1276 al.
668 1234 943 1289 Quamquam
975 1249 1179 1288 quorsum
1212 1234 1398 1288 denique
1430 1232 1549 1275 istud

195 1293 399 1335 scientiae
451 1291 745 1347 explorandae
799 1291 989 1333 studium
1038 1291 1296 1346 pertinuerit
1344 1296 1386 1331 et
1433 1289 1548 1331 unde

195 1350 437 1405 profectum
479 1349 558 1401 sit,
600 1364 689 1389 non
723 1349 847 1403 plene
880 1347 995 1404 apud
1035 1348 1262 1389 Platonem
1302 1347 1548 1402 expositum

196 1413 272 1449 est.
333 1406 550 1447 Nimirum
588 1405 740 1447 habuit
780 1405 889 1446 illud
920 1419 1096 1446 caussas
1128 1411 1172 1445 et
1202 1404 1392 1445 rationes
1423 1418 1549 1444 sane-

197 1479 325 1518 quain
363 1461 700 1514 reconditiores,
755 1477 885 1516 quam
933 1476 1043 1515 quae
1084 1475 1226 1502 coram
1266 1459 1485 1502 iudicibus
1527 1474 1550 1499 e

196 1519 356 1575 populo
400 1518 579 1560 delectis
620 1524 661 1559 et
691 1519 919 1559 maximam
950 1523 1116 1573 partem
1146 1516 1449 1572 philosophiae
1480 1531 1550 1557 ru-

197 1576 392 1617 dioribus
434 1574 656 1616 commode
695 1575 900 1630 explicari
942 1580 1136 1629 possent.
1206 1573 1296 1616 Sed
1342 1572 1448 1627 quid
1488 1572 1551 1613 rei

196 1634 350 1686 fuerit,
397 1647 449 1673 ex
488 1632 808 1673 Aristotele
840 1639 883 1673 et
911 1630 1291 1686 Xenophonte
1323 1629 1551 1685 cognosci-

197 1696 267 1731 tur
298 1691 357 1743 ²³1<).
419 1687 607 1730 Constat
637 1688 750 1730 enim
780 1704 832 1730 ex
862 1688 1014 1729 horum
1045 1687 1218 1743 scriptis
1241 1687 1327 1740 Η),
1381 1686 1550 1730 Socrati

198 1746 305 1788 nihil
338 1746 472 1786 fuisse
504 1745 750 1799 antiquius,
786 1760 915 1800 quarn
944 1751 994 1785 ut
1024 1759 1274 1786 communes
1302 1758 1443 1785 rerum
1473 1758 1550 1784 no-

197 1804 339 1845 tiones
372 1802 638 1856 exquireret,
681 1802 724 1842 in
765 1802 920 1856 quibus
961 1801 1060 1842 unis
1103 1801 1297 1842 veritatis
1329 1801 1552 1842 scientiam

199 1867 242 1902 et
273 1859 566 1915 cognitionem
606 1864 854 1901 contentam
895 1872 990 1900 esse
1030 1858 1114 1899 sibi
1153 1863 1440 1914 persuaserat.
1501 1856 1553 1897 In

200 1917 356 1971 quibus
413 1914 587 1969 quidem
642 1914 926 1969 quaerendis,
983 1913 1273 1971 indagandis,
1327 1912 1550 1966 rimandis,

198 1975 259 2014 ita
289 1978 484 2014 versatus
519 1977 607 2025 est,
650 1977 699 2011 ut
739 1986 870 2025 quum
902 1971 1007 2012 alios
1038 1972 1292 2012 inscientiae
1324 1971 1553 2012 convince-

199 2036 288 2083 ret,
334 2035 425 2070 tum
473 2028 568 2082 ipse
620 2042 793 2082 quoque
850 2042 971 2068 suam
1022 2028 1229 2068 fateretur
1281 2027 1553 2068 inscientiam

200 2100 452 2142 semperque
484 2083 591 2125 illud
620 2086 768 2138 γνῶθι
802 2081 987 2126 σεαυτόν
1024 2083 1068 2124 in
1114 2099 1186 2125 ore
1229 2083 1431 2136 haberet,
1470 2082 1554 2123 hoc

199 2156 318 2185 ratus
350 2157 445 2184 esse
486 2141 597 2193 tale,
637 2140 753 2182 unde
794 2140 931 2182 omnis
976 2139 1163 2194 denique
1193 2140 1428 2195 sapientiae
1458 2139 1553 2181 laus

202 2200 495 2242 effloresceret
526 2197 627 2252 ss³⁴²³).
688 2197 903 2239 Nimirum
934 2196 1027 2252 ipse
1058 2197 1101 2237 in
1134 2212 1185 2238 ea
1215 2196 1388 2238 videtur
1418 2197 1552 2238 fuisse

246 2403 279 2442 ᾧ’)
306 2413 338 2432 v.
375 2400 772 2433 Schleiermaeher.
804 2400 918 2431 Ueber
954 2401 1020 2431 (len
1054 2400 1177 2431 'Werth
1212 2400 1272 2430 des
1306 2399 1467 2431 Socrates
1501 2400 1551 2429 als

311 2447 518 2486 Philosoph,
555 2446 645 2487 Opp.
671 2446 762 2478 Phil.
788 2446 855 2476 III.
884 2446 922 2484 2,
948 2446 1026 2480 3120.
1060 2445 1144 2477 Bra
1162 2446 1270 2477 ndis.
1311 2446 1432 2476 lumin.
1460 2445 1551 2475 Mus.

314 2505 345 2523 v.
380 2492 579 2522 Niebuhr
609 2503 641 2522 u.
676 2492 867 2523 Brandis
902 2493 927 2523 I.
961 2493 991 2522 1).
1023 2492 1087 2526 132⁷)
1117 2503 1193 2532 sqq.
1253 2491 1447 2522 ssrandis
1483 2491 1552 2522 Ge-

315 2539 458 2570 sehicht.
484 2539 545 2568 der
571 2538 698 2576 griech.
726 2539 809 2570 ro'm.
838 2538 1043 2579 Philosoph.
1072 2538 1117 2568 II.
1147 2549 1178 2578 p.
1203 2537 1247 2570 33
1273 2548 1349 2577 sqq.

232 2585 284 2622 *Ἴ
316 2584 501 2624 Xenoph
545 2584 649 2617 Mem.
684 2584 740 2614 I‘v'.
773 2585 810 2623 ὓ,
845 2583 897 2616 12.
925 2584 985 2615 IV.
1014 2585 1055 2623 6,
1084 2586 1113 2616 1.
1142 2584 1195 2617 13.
1237 2584 1431 2614 Aristot.
1465 2583 1550 2614 Met.

315 2631 420 2661 XIII.
446 2629 478 2662 4.
503 2630 546 2660 al.

223 2677 295 2717 ***)
314 2676 405 2707 Nam
429 2676 514 2706 illud
540 2675 651 2716 γνῶθι
678 2673 804 2706 σαυτόν
828 2676 890 2706 etsi
916 2677 1117 2716 pfferumque
1148 2675 1191 2705 ad
1226 2674 1307 2704 recti
1343 2678 1376 2704 et
1411 2673 1546 2703 honesti

312 2722 557 2753 conscientiam
589 2722 735 2753 refertur
778 2723 827 2761 (ut
861 2722 1057 2761 Xenoph.
1092 2721 1194 2751 Mem.
1228 2720 1284 2751 iv.
1318 2719 1356 2757 ⁶2,
1391 2719 1433 2752 ‘2'4
1469 2730 1544 2759 sqq.
