1644 3039
210 153 309 195 XII

210 282 326 320 ram,
368 281 476 321 quae
516 265 608 307 sola
649 264 880 306 coniuncta
923 271 1038 306 esset
1067 279 1164 306 cum
1194 265 1386 319 veritate,
1431 278 1562 320 quae-

211 339 294 378 que
336 338 491 364 unum
536 335 656 362 esse
698 321 875 362 omnia
905 319 1104 372 doceret,
1144 335 1285 375 neque
1325 321 1559 376 quidquam

209 386 383 436 praeter
421 377 527 419 illud
568 377 727 419 habere
769 377 924 419 οὐσίαν
960 378 1017 432 *).
1079 377 1202 430 Quae
1246 377 1420 432 quidem
1463 392 1558 420 sen—

209 437 366 489 tentia,
411 433 622 477 Heracliti
662 435 901 476 sententiae
944 434 1070 490 plane
1119 434 1358 488 contraria,
1403 434 1557 476 mirum

211 500 276 535 est
316 498 580 547 quantopere
620 491 794 532 Platoni
835 491 1066 547 placuerit3
1110 490 1184 545 qui
1224 505 1322 532 cum
1353 490 1557 533 scientiae

210 549 455 590 firmitatem
496 548 622 589 etiam
659 554 751 589 tum
788 548 947 589 frustra
986 547 1294 601 quaesivisset,
1347 554 1462 589 certe
1508 562 1559 589 ea

210 606 386 661 cognita
425 605 505 647 sibi
543 604 771 646 videbatur
810 604 1020 658 reperisse
1068 604 1190 659 quasi
1234 602 1558 645 fundamentum

210 662 451 717 quoddam,
495 661 564 703 cui
592 661 753 703 firmior
786 661 1027 714 certiorque
1058 660 1253 702 doc-trina
1292 666 1559 717 superstrue-

209 725 338 760 retur.
398 718 553 773 Itaque
586 718 816 760 discrimen
846 717 953 759 illud
996 718 1272 773 cognitionis,
1306 717 1425 773 quod
1450 719 1560 760 Par-

208 775 399 817 menides
432 774 705 817 statuendum
737 774 1026 828 iudicaverat,
1057 775 1118 815 ita
1147 774 1368 830 amplexus
1401 782 1480 829 est,
1512 780 1562 816 ut

209 831 253 872 id
285 847 454 887 semper
487 831 587 873 inde
629 832 680 873 ab
714 831 798 872 1106
828 838 1022 885 tempore
1054 831 1281 872 retinuerit
1320 837 1448 885 atque
1475 835 1560 885 lve-

209 889 380 930 ritatem
412 889 455 930 111
486 889 612 930 rebus
645 887 1011 944 adspectabilibus
1032 888 1175 929 inesse
1206 894 1457 930 constanter
1485 903 1561 930 ne—

211 946 392 1001 gaverit.
452 947 515 987 At
547 945 658 987 enim
698 960 799 986 vero
832 945 1002 986 etiamsi
1033 945 1160 986 Plato
1191 944 1462 986 Parmenidis
1491 960 1560 987 sa-

211 1003 416 1057 pientiam
457 1002 636 1043 maxime
679 1001 913 1043 admiratus
953 1002 1009 1043 sit
1048 1001 1243 1056 adeoque
1287 1001 1562 1044 vehementer

210 1059 473 1114 probaverit,
496 1065 638 1100 tamen
656 1074 734 1113 pro
762 1074 827 1112 eo,
853 1073 937 1112 quo
958 1058 1164 1113 pollebat,
1192 1058 1385 1100 veritatis
1419 1073 1562 1100 amore

210 1124 340 1169 atque
382 1131 513 1158 sensu
555 1115 669 1156 illius
710 1115 906 1156 doctrina
944 1130 1029 1156 non
1073 1115 1317 1169 acquievit,
1356 1123 1406 1157 ut
1436 1130 1563 1170 quem

210 1173 377 1213 videret
424 1172 618 1213 veritatis
666 1172 956 1227 cognitionem
1006 1172 1120 1212 intra
1178 1171 1302 1213 nimis
1353 1178 1562 1228 angustos

210 1229 320 1270 fines
365 1228 566 1270 cohibere
606 1227 800 1282 adeoque
848 1228 1161 1283 propemodum
1211 1234 1345 1269 totam
1396 1228 1561 1270 tollere.

213 1285 388 1341 Quippe
420 1285 492 1327 hic
522 1292 693 1341 praeter
722 1284 829 1325 illud
859 1300 1042 1337 unum,
1084 1283 1200 1339 quod
1239 1300 1407 1326 omnem
1447 1300 1561 1327 com-

211 1343 474 1398 plecteretur
506 1342 684 1393 ωύσιάν,
720 1341 955 1395 quidquam
986 1341 1145 1382 habere
1184 1341 1409 1382 veritatem
1440 1357 1562 1397 pror-

213 1415 287 1441 sus
318 1399 519 1455 negabat.
580 1398 649 1439 Ita
678 1398 840 1439 factum
872 1403 961 1451 est,
1006 1404 1055 1438 ut
1084 1397 1209 1439 Plato
1241 1404 1395 1452 postea
1424 1398 1560 1454 magi-

214 1456 319 1509 stri,
354 1470 599 1510 quanquam
633 1470 728 1496 eum
758 1454 946 1495 faciebat
974 1454 1169 1509 plurimi,
1211 1455 1464 1496 sententiam
1509 1453 1562 1495 de

214 1517 345 1566 omis!
376 1527 409 1554 s.
443 1512 703 1554 essentia
732 1537 785 1541 —
817 1510 966 1552 licebit
997 1510 1108 1552 enim
1138 1511 1199 1552 ita
1225 1510 1368 1552 dicere
1398 1537 1453 1541 —
1484 1527 1563 1567 op-

211 1577 428 1626 pugnaret
459 1568 654 1623 adeoque
685 1568 877 1610 studiose
908 1567 1114 1608 refutaret
1144 1567 1220 1623 ³²³²).

328 1626 621 1667 Eleaticorum
640 1640 742 1666 vero
765 1624 1006 1666 doctrina-m
1035 1640 1166 1678 quum
1187 1639 1272 1666 non
1294 1625 1386 1665 sine
1407 1639 1564 1680 magna

213 1699 287 1739 spe
319 1684 410 1724 veri
440 1681 729 1738 investigandi
769 1688 811 1722 et
840 1680 1085 1736 reperiendi
1117 1681 1420 1737 cognovisset,
1460 1680 1562 1723 efle-

213 1749 330 1782 ctum
361 1746 447 1793 est,
481 1746 530 1780 ut
560 1738 750 1780 studium
782 1737 1110 1793 philosophiae,
1155 1753 1240 1792 quo
1273 1738 1439 1779 animus
1470 1739 1561 1780 eius

213 1803 457 1850 exarserat,
499 1795 676 1837 mirifice
717 1801 944 1837 cresceret.
1018 1795 1172 1849 Itaque
1212 1809 1342 1849 quum
1380 1794 1561 1836 aliorum

213 1854 470 1908 sapientiam
512 1852 770 1908 perscrutari
802 1850 990 1904 studuit,
1034 1858 1125 1892 tum
1159 1851 1366 1907 imprimis
1397 1852 1563 1908 appulit

213 1912 400 1951 animum
433 1909 487 1950 ad
520 1912 809 1965 Anaxagorae
841 1908 1094 1950 doctrinam.
1155 1907 1241 1961 Qui
1272 1923 1404 1962 quum
1434 1908 1562 1950 doce-

214 1974 279 2009 ret
313 1966 455 2008 omnia
485 1981 509 2006 a
539 1972 681 2007 mente
714 1966 817 2019 (rc-J)
840 1979 935 2006 esse
960 1964 1159 2005 ordinata
1180 1972 1309 2018 atque
1327 1965 1378 2006 ab
1410 1965 1561 2007 eadem

215 2024 531 2079 sapientissime
565 2021 796 2078 gubernari
817 2028 860 2062 et
881 2020 1169 2063 administrari
1187 2021 1288 2074 ***),
1321 2021 1559 2063 certissime

215 2081 419 2136 sperabat
450 2080 555 2132 fore,
590 2086 637 2120 ut
668 2094 720 2119 ex
747 2078 860 2120 illius
883 2078 1002 2119 libris
1033 2093 1173 2119 rerum
1195 2078 1384 2119 omnium
1407 2093 1559 2121 causas

216 2143 511 2193 cognosceret.
572 2135 659 2178 Sed
689 2150 816 2190 quam
847 2134 899 2175 de
930 2150 979 2176 eo
1011 2150 1130 2190 spem
1175 2135 1318 2176 animo
1349 2150 1560 2190 concepe-

216 2201 302 2247 rat,
337 2209 385 2235 ea
415 2209 538 2246 mox,
581 2208 710 2247 quum
740 2192 915 2248 legisset
948 2194 1235 2248 Anaxagorae
1266 2191 1445 2244 librum,
1486 2207 1559 2233 va-

217 2266 313 2293 nam
357 2258 397 2291 et
437 2251 608 2292 inanem
648 2264 742 2291 esse
782 2251 1012 2304 perspexit.
1073 2249 1186 2290 Nam
1225 2247 1295 2289 ille
1336 2248 1379 2289 in
1424 2248 1559 2303 expli-

217 2307 355 2349 canda
394 2307 557 2348 ratione
597 2322 675 2348 sua
715 2312 843 2360 atque
882 2304 1171 2346 confirmanda
1215 2311 1382 2346 tantum
1424 2305 1561 2347 abfuit

217 2373 263 2406 111
294 2380 434 2406 rerum
470 2378 620 2406 causas
663 2368 857 2403 amente
888 2368 1121 2417 repeteret,
1164 2369 1211 2404 ut
1254 2361 1362 2414 aeri,
1407 2376 1557 2415 aquae,

218 2429 380 2474 terrae,
414 2421 599 2476 denique
631 2419 757 2461 rebus
788 2419 919 2475 ipsis,
964 2434 1142 2473 quarum
1185 2433 1337 2461 causae
1382 2418 1558 2461 investi-

274 2622 310 2663 ’“)
338 2623 379 2653 V.
410 2622 558 2664 sophian
588 2635 618 2665 p.
646 2622 723 2657 ’237-
753 2625 789 2653 A.
817 2632 879 2662 sqq
920 2633 948 2663 p.
969 2622 1047 2656 258.
1077 2622 1114 2655 l).
1144 2620 1286 2653 Theaet.
1315 2633 1344 2663 p.
1365 2621 1442 2656 180.
1456 2621 1496 2654 Ε.
1515 2622 1558 2654 al.

257 2669 304 2705 ³³)
331 2668 523 2702 Parincninl.
555 2673 588 2701 et
614 2669 764 2711 Sophist.
792 2678 821 2708 p.
847 2667 924 2701 241.
956 2669 993 2699 l).
1022 2678 1094 2709 sqq.
1121 2679 1151 2710 p.
1175 2666 1252 2701 558.
1282 2668 1320 2698 Ι).
1346 2670 1388 2700 al.

246 2715 310 2754 ΗΨ)
342 2713 512 2746 Phaedon.
544 2726 574 2756 p.
599 2716 652 2750 9-2.
681 2714 811 2747 Phileb.
839 2726 868 2757 p.
898 2714 951 2747 28.
980 2715 1016 2748 C.
1051 2712 1192 2746 phaedr.
1220 2723 1252 2755 p.
1279 2713 1354 2748 ⁴270.
1385 2716 1428 2745 A.
1459 2714 1498 2745 al.
