1644 3039
482 217 575 259 AD
613 215 1019 261 CRITONEM.
1349 218 1424 258 17)

78 333 192 376 illius
232 332 408 374 virtutis
445 338 489 373 et
520 330 786 383 honestatis,
832 346 959 385 quam
1002 346 1080 388 per
1118 336 1256 372 totam
1296 330 1429 371 vitam

80 405 177 432 cum
205 388 471 445 piaeceptis‚
512 394 603 430 tum
642 402 720 429 suo
760 388 897 442 ipsius
929 388 1124 444 exemplo
1155 386 1429 429 commenda-

78 452 230 499 verat,
269 445 357 487 ullo
387 444 516 487 modo
556 445 778 486 immemor
819 459 912 486 esse
943 444 1153 487 videatur.
1213 444 1301 497 Qui
1335 444 1429 498 qui-

80 502 194 557 dem,
227 501 375 544 audita
404 502 528 543 amici
561 502 768 554 oratione,
800 509 899 543 ante
931 502 1073 543 omnia
1102 502 1164 542 ait
1194 500 1430 543 videndum

81 575 190 613 esse,
224 574 325 601 num
356 559 476 600 salva
509 558 720 614 sapientia
757 564 799 599 et
829 559 991 600 iustitia
1022 559 1328 600 commissurus
1358 558 1428 611 sit,

80 623 131 659 ut
170 615 317 658 invitis
362 616 530 672 legibus
562 615 746 671 publicis
778 630 799 656 e
831 631 1001 657 carcere
1034 616 1244 671 aufugiat.
1305 613 1430 667 Quae

82 673 227 716 omnia
265 680 388 714 tanta
427 687 524 714 curn
554 673 766 729 gravitate
798 679 926 727 atque
960 673 1177 728 sapientia
1207 672 1432 726 disputan-

80 738 176 785 tur,
221 735 268 771 ut
310 729 432 772 Crito
472 730 698 771 consilium
745 735 872 770 antea
913 729 1061 771 datum
1102 729 1290 783 denique
1338 729 1431 784 ipse

82 787 325 851 improbare
375 794 419 828 et
468 792 673 840 tanquam
712 786 900 827 iustitiae
951 794 995 828 et
1042 786 1214 841 pietatis
1260 785 1432 839 legibus

81 844 348 887 contrarium
379 843 562 885 abiicere
595 850 786 900 cogatur.
847 843 930 885 Est
963 859 1065 885 vero
1098 858 1265 884 summa
1286 821 1433 899 dispu-

81 901 260 943 tationis
292 901 381 942 fere
412 901 531 942 haec.

197 957 520 1014 Expergefacto
548 956 719 999 Sociati
759 957 938 998 nunciat
968 955 1090 998 Ciito
1122 956 1206 998 hoc
1236 955 1331 1010 ipso
1364 954 1434 996 die

84 1014 221 1056 videri
260 1029 414 1055 navem
451 1029 618 1055 sacram
657 1029 710 1054 ex
741 1013 853 1055 Delo
884 1014 1026 1055 insula
1055 1013 1293 1055 ledituram
1323 1027 1433 1064 esse,

83 1086 173 1126 qua
210 1086 384 1113 leversa
422 1070 462 1112 ei
498 1069 767 1112 moriendum
807 1071 876 1112 sit.
945 1071 1025 1112 1115
1066 1086 1168 1112 xero
1219 1070 1299 1110 etsi
1352 1068 1435 1110 sibi

84 1128 200 1170 hunc
241 1128 440 1169 nuntium
484 1128 645 1169 fatetur
674 1127 924 1191 neutiquam
957 1142 1053 1168 esse
1094 1127 1323 1168 molestum
1363 1131 1437 1166 aut

85 1200 285 1249 gravem,
325 1191 471 1226 tamen
512 1183 565 1225 de
606 1184 697 1226 eius
737 1185 918 1225 veritate
960 1184 1131 1225 dubitat
1170 1183 1294 1236 ideo,
1336 1182 1437 1237 quia

85 1242 168 1284 sibi
206 1242 462 1306 insomnium
501 1240 718 1296 quoddam
758 1240 885 1282 modo
929 1240 1170 1297 piodideiit
1221 1255 1265 1282 55
1307 1239 1437 1281 tertio

86 1298 260 1340 demum
311 1297 381 1340 die
432 1298 476 1339 in
524 1298 709 1353 patriam
758 1297 991 1340 coelestem
1039 1297 1279 1339 rediturum
1330 1311 1437 1338 esse.

87 1354 219 1409 Quod
248 1355 422 1410 quidem
452 1354 840 1396 luculentissimum
879 1361 944 1397 est
975 1360 1275 1410 argumentum
1305 1353 1440 1395 maxi-

86 1428 180 1454 mae
210 1412 346 1468 ipsius
379 1427 481 1468 erga
512 1412 617 1453 deos
647 1411 845 1467 pietatis,
880 1427 965 1467 qua
993 1412 1052 1452 ita
1083 1411 1201 1464 facit,
1234 1419 1282 1452 ut
1312 1410 1440 1451 etiam

87 1469 345 1510 divinationi
383 1448 548 1523 aliquid
587 1444 863 1509 tribuendum
905 1475 1081 1510 censeat
1119 1469 1181 1523 (p.
1213 1470 1280 1511 43.
1312 1469 1354 1508 A
1384 1492 1438 1496 —

87 1528 142 1568 44
173 1526 262 1581 B..)
296 1549 352 1555 -—
410 1526 522 1567 Tum
561 1540 663 1567 vero
696 1523 817 1566 Crito
859 1533 902 1567 et
931 1540 1010 1567 suo
1049 1531 1092 1566 et
1123 1525 1303 1566 alimum
1334 1523 1439 1564 ami-

89 1598 237 1626 corum
266 1582 440 1625 nomine
470 1597 567 1624 eum
597 1582 904 1624 amantissimis
928 1582 1133 1637 precibus
1165 1580 1313 1623 studet
1340 1595 1438 1637 per-

88 1654 283 1692 movere,
323 1646 373 1680 ut
401 1638 655 1696 aufugiendi
686 1640 1008 1695 opportunitate
1036 1654 1151 1681 nunc
1179 1639 1264 1694 ipsi
1295 1638 1442 1680 oblata

88 1702 249 1750 utatur,
279 1711 417 1752 eoque
448 1674 576 1738 mobdo
609 1711 739 1751 quum
769 1710 874 1737 suae
908 1697 1043 1751 ipsius
1068 1696 1196 1737 saluti
1227 1695 1439 1748 consulat,

89 1760 182 1795 tum
203 1753 332 1795 etiam
352 1753 510 1795 bonam
533 1753 767 1794 amicorum
798 1759 841 1793 et
867 1753 1142 1793 familiarium
1172 1767 1348 1794 suorum
1379 1752 1441 1792 fa-

89 1825 201 1852 mam
248 1816 444 1864 tueatur,
497 1810 658 1866 quippe
699 1811 796 1864 qui,
843 1809 925 1851 nisi
973 1810 1115 1865 ipsum
1155 1809 1440 1860 servaverint,

91 1882 223 1922 quum
252 1873 397 1908 tamen
437 1867 527 1908 eius
557 1882 619 1908 rei
659 1867 961 1922 opportunitas
1002 1866 1102 1907 data
1132 1866 1284 1919 fuerit,
1325 1840 1443 1922 apud

89 1939 291 1980 magnam
333 1923 551 1965 hominum
588 1922 907 1965 multitudinem
949 1923 1059 1964 male
1109 1923 1197 1964 sint
1239 1922 1441 1964 audituri.

92 1959 298 2024 Socrates
327 1996 429 2022 vero
460 1980 578 2037 vulgi
609 1979 783 2036 quidem
814 1979 977 2022 iudicio
996 1980 1133 2021 nihil
1124 1996 1168 2021 1n
1190 1979 1268 2021 tali
1289 1994 1445 2022 caussa

90 2036 368 2080 tribuendum
398 2052 492 2079 esse
522 2036 780 2093 respondet,
824 2038 948 2079 cuius
979 2037 1207 2093 opiniones
1238 2051 1370 2092 saepe
1400 2037 1445 2078 in

94 2094 223 2137 rebus
261 2093 530 2151 gravissimis
569 2094 737 2137 soleant
775 2109 872 2136 esse
913 2094 1155 2136 levissimae
1193 2096 1255 2149 (p.
1300 2096 1371 2135 44.
1405 2093 1443 2134 B

94 2176 148 2182 —
178 2151 272 2206 D).
304 2177 358 2182 —
417 2150 539 2193 Crito
578 2157 724 2192 tamen
765 2150 906 2193 denuo
946 2167 1041 2193 eum
1073 2150 1326 2193 cohortatur
1355 2150 1444 2192 eni-

93 2207 192 2249 xius
222 2207 278 2248 ad
306 2208 453 2264 fugam
483 2207 817 2273 capessendam,
860 2214 1090 2263 monetque
1130 2207 1316 2263 primum
1355 2223 1444 2248 ma-

96 2278 207 2320 gnae
238 2264 528 2306 multitudinis
559 2265 793 2330 potentiam
823 2281 926 2307 sane
966 2264 1193 2306 maximam
1230 2279 1349 2317 esse,
1397 2269 1447 2305 ut

95 2320 280 2362 maxima
310 2321 420 2362 mala
450 2321 602 2363 afferre
633 2321 782 2378 possit.
842 2321 925 2364 Cui
954 2320 1192 2385 respondet
1236 2320 1306 2362 ille
1337 2296 1447 2362 inul-

97 2375 325 2419 titudinem
346 2377 433 2419 fere
455 2378 586 2420 coeco
610 2377 861 2444 cupiditatis
882 2379 1047 2434 impetu
1069 2393 1176 2434 regi,
1208 2392 1288 2419 nee
1318 2392 1447 2434 posse

98 2449 343 2489 quenquam
382 2434 524 2476 facere
566 2441 641 2476 aut
669 2435 943 2490 insipicntem
984 2440 1058 2477 aut
1097 2434 1361 2489 sapientem,
1402 2435 1448 2475 in

99 2506 186 2546 quo
230 2497 346 2533 certe
383 2491 613 2533 maximum
651 2492 808 2534 malum
851 2499 980 2547 atque
1023 2492 1185 2533 bonum
1216 2492 1449 2533 maximum

98 2554 311 2590 cernatur.
373 2547 463 2591 Sed
492 2563 579 2590 non
609 2548 766 2591 desinit
796 2548 918 2591 Crito
951 2562 1091 2603 usque
1118 2548 1278 2589 instare
1308 2549 1449 2604 preci-

98 2604 193 2647 bus.
253 2605 409 2661 Itaque
440 2605 624 2647 amicum
653 2613 820 2660 monet,
862 2612 910 2648 ut
940 2621 994 2647 ne
1026 2604 1079 2647 de
1109 2605 1197 2646 suis
1230 2604 1449 2647 familiari-

99 2661 181 2704 bus
220 2673 264 2703 et
301 2662 472 2716 amicis,
523 2663 597 2727 qui
646 2677 742 2704 eum
782 2678 953 2705 servare
994 2661 1319 2715 constituerint,
1361 2662 1448 2704 ullo

100 2717 228 2782 modo
267 2718 476 2761 sollicitus
517 2720 599 2773 sit,
651 2719 724 2774 qui
765 2720 911 2776 potius
954 2719 1154 2761 lubenter
1192 2734 1270 2775 pro
1310 2719 1449 2761 salute

102 2774 192 2818 eius
223 2791 348 2818 omne
378 2752 617 2832 periculum
648 2776 791 2819 subire
821 2778 960 2834 parati
991 2776 1098 2826 sint3
1137 2775 1346 2819 iactmam
1376 2792 1451 2818 au-

1081 2844 1183 2886 2..
