1644 3039
1263 193 1347 235 XV
1359 193 1408 235 11

47 303 294 355 scientiam,
337 319 465 358 quam
505 302 747 352 ἐπιστήμην
787 304 1059 358 appellabat,
1110 304 1212 347 inde
1263 308 1402 362 repeti

48 368 92 402 et
133 360 295 402 hauriri
350 374 476 415 posse
523 366 715 415 negaret.
789 360 936 412 Quum
980 377 1082 402 vero
1127 362 1399 406 Parmenidis

46 417 270 459 decretum
310 416 364 458 de
403 417 557 470 οὐσίᾳ,
609 431 718 470 quae
768 418 894 458 unice
935 417 1115 460 haberet
1159 420 1398 474 veritatem,

46 491 208 531 magna
247 475 378 516 animi
418 473 665 516 assensione
697 474 962 529 accepisset,
1006 482 1047 516 ct
1080 475 1131 517 de
1165 477 1256 519 eius
1288 478 1400 519 veri-

46 539 136 574 tate
168 547 381 587 quaerens
413 531 617 574 sensisset
659 530 701 571 in
735 532 885 572 animis
919 531 1118 573 humanis
1159 533 1300 576 inesse
1333 550 1400 576 re-

41 605 135 631 rum
165 590 388 642 notiones,
431 603 539 643 (luae
581 588 625 628 in
655 595 867 643 perpetua
898 604 1129 643 corporum
1160 592 1398 644 {usitatione

43 657 86 687 et
121 646 419 689 vicissitudine
457 644 634 687 eaedem
676 660 846 700 semper
886 656 1110 687 manerent
1151 650 1398 702 pristinam—

45 719 128 758 que
160 704 340 745 formam
383 719 434 745 ac
473 702 661 757 speciem
706 717 827 743 snam
870 710 1118 744 constanter
1156 714 1396 758 tuerentur,

45 761 189 816 coepit
220 761 375 802 exinde
396 759 606 814 suspicari
626 766 668 800 et
689 759 908 813 colligere7
943 775 1035 801 esse
1067 761 1246 815 aliquid,
1280 764 1397 818 quod

42 816 382 859 immutabilibus
413 817 497 858 illis
529 816 802 869 notionibus,
836 817 977 858 animo
1009 817 1247 872 impressis,
1281 822 1395 861 omni

45 889 98 916 ex
134 882 258 929 parte
303 875 440 917 simile
480 879 594 915 esset
635 888 684 914 ac
724 873 1030 929 responderet,
1074 874 1260 930 ideoque
1303 892 1397 919 eam

43 930 221 972 haberet
252 939 465 983 naturam,
501 946 609 985 quae
642 930 803 971 nullam
836 946 1026 985 unquam
1058 932 1225 973 subiret
1256 941 1396 975 muta-

41 989 217 1030 tionem.
287 988 418 1042 Quod
457 988 530 1030 ubi
576 988 618 1028 in
660 987 726 1028 his
770 988 897 1028 terris
939 988 1099 1029 frustra
1144 991 1394 1044 anquisivit‚

39 1045 310 1087 Parmenidis
343 1046 499 1089 οὐσίαν
531 1043 807 1097 reeordatus,
850 1044 990 1086 animo
1032 1047 1158 1087 finxit
1199 1054 1241 1088 et
1273 1049 1396 1102 quasi

37 1102 286 1144 informavit
316 1110 491 1145 aeterna
522 1103 620 1152 illa,
662 1101 894 1157 simplicia,
938 1117 987 1143 ac
1029 1118 1198 1158 semper
1240 1107 1304 1146 sui
1338 1107 1395 1147 si-

40 1159 160 1200 milia
190 1160 442 1214 simulacra,
483 1159 538 1201 ad
570 1174 754 1213 quorum
784 1160 1065 1200 imitationem
1098 1160 1203 1202 haec
1236 1163 1393 1216 omnia,

41 1231 154 1270 quae
184 1218 412 1259 mutationi
453 1223 494 1258 et
526 1215 816 1258 vicissitudini
850 1223 995 1257 essent
1035 1217 1249 1271 obnoxia,
1299 1228 1394 1261 tan-

40 1287 168 1327 quam
193 1289 396 1329 expressa
416 1289 510 1315 esse
535 1272 699 1315 statuit.
749 1272 804 1313 Et
827 1272 934 1314 haec
957 1273 1128 1327 quidem
1163 1276 1395 1318 simulacra

41 1329 166 1371 Plato
198 1330 351 1372 idea-s
384 1347 417 1372 s.
453 1331 620 1386 species
655 1329 911 1384 appellavit,
956 1331 1097 1385 iisque
1129 1332 1267 1373 voluit
1299 1334 1393 1374 nul-

36 1385 118 1426 lam
159 1401 253 1428 esse
300 1402 395 1429 cum
427 1387 624 1429 sensibus
665 1386 1038 1440 coniunctionem,
1080 1404 1248 1430 omnem
1295 1406 1393 1432 cum

36 1449 179 1483 mente
214 1443 481 1485 intercedere
520 1442 900 1484 necessitudinem.
975 1444 1043 1484 Ex
1094 1460 1177 1499 qua
1230 1462 1274 1487 re
1318 1449 1392 1502 qui

34 1499 249 1542 conficere
290 1501 522 1542 voluerunt
564 1499 686 1541 ideas
729 1500 927 1541 Platonis
969 1501 1073 1542 nihil
1127 1518 1221 1544 esse
1272 1503 1392 1546 aliud

35 1556 118 1598 nisi
158 1557 399 1599 abstractas
448 1557 604 1600 mentis
646 1557 869 1610 notiones„
919 1558 948 1598 ii
992 1574 1015 1599 a
1057 1574 1157 1600 vero
1209 1561 1391 1603 multum

35 1613 302 1657 aberrarunt.
361 1615 466 1657 Non
495 1615 699 1656 viderunt
726 1615 837 1655 enim
869 1614 990 1656 ideas
1023 1631 1044 1656 e
1076 1623 1218 1658 mente
1250 1617 1391 1673 philo—

35 1670 160 1727 sophi
205 1686 299 1713 esse
340 1673 464 1727 quasi
504 1672 670 1727 species
718 1670 927 1724 quasdam
962 1680 1092 1727 atque
1123 1676 1284 1716 formas
1317 1694 1391 1716 ιρ-

33 1732 132 1777 σιάς
163 1743 195 1772 s.
227 1730 547 1782 essentiae,
588 1743 717 1783 quam
747 1744 844 1769 cum
877 1729 1132 1772 Parmenide
1165 1733 1391 1774 statuebat

31 1789 76 1825 et
107 1799 234 1839 quam
266 1787 451 1841 putabat
482 1787 534 1827 ab
569 1786 685 1827 omni
716 1800 925 1841 corporea
946 1786 1042 1827 labe
1066 1794 1106 1827 et
1129 1791 1389 1844 contagione

30 1840 207 1883 liberam
238 1857 332 1884 esse
366 1854 496 1898 atque
536 1843 790 1894 immunem,
832 1849 881 1883 ut
918 1843 1116 1884 facillime
1156 1847 1296 1900 possit
1326 1847 1390 1888 in-

31 1897 196 1953 telligi,
230 1913 307 1940 cur
339 1914 410 1941 eas
441 1899 662 1956 putaverit
692 1898 784 1940 sola
814 1907 956 1940 mente
988 1906 1029 1941 et
1060 1901 1227 1943 ratione
1259 1918 1390 1959 posse

32 1955 240 2010 cognosci
269 1970 410 2010 neque
441 1956 641 1998 sensibus
673 1955 759 1997 ullo
779 1955 906 1997 modo
925 1957 1104 2013 percipi.
1167 1958 1387 2012 Quoniam

31 2018 174 2053 autem
203 2011 322 2054 ideas
353 2013 466 2055 solas
498 2012 709 2055 iudicavit
748 2012 919 2054 efficere
948 2014 1142 2057 veritatis
1174 2017 1386 2074 cognitio-

30 2082 152 2122 nem,
191 2068 355 2111 factum
398 2077 490 2124 est,
530 2076 580 2111 ut
619 2085 690 2111 eas
730 2085 816 2111 non
857 2070 995 2112 solum
1037 2074 1123 2113 τῶν
1156 2074 1296 2115 ὄντων
1344 2083 1387 2117 et

29 2126 116 2166 τῶν
150 2122 291 2175 ὅντως
322 2125 461 2169 ὄντων
490 2127 664 2169 nomine
697 2126 959 2182 appellaret,
1007 2128 1083 2170 sed
1126 2131 1254 2172 etiam
1285 2131 1384 2173 inde

28 2181 306 2224 iudicandum
337 2191 556 2238 censeret,
589 2183 694 2239 quid
724 2199 896 2237 verum,
930 2185 1032 2240 quid
1065 2186 1242 2241 falsum,
1277 2189 1382 2244 quid

28 2237 214 2291 bonum,
246 2241 351 2295 quid
381 2242 565 2295 malum,
599 2240 703 2296 quid
733 2241 908 2294 iustum,
943 2242 1048 2296 quid
1078 2244 1284 2286 iniustum
1316 2261 1385 2288 es-

29 2300 107 2336 set.
167 2295 343 2339 Etenim
385 2314 471 2340 non
515 2313 662 2341 earum
689 2304 856 2339 tantum
886 2313 1053 2353 rerum,
1103 2316 1214 2355 quae
1247 2303 1384 2344 sensi-

29 2350 110 2392 bus
150 2353 474 2410 percspiuntur,
526 2362 724 2397 aeternas
765 2355 889 2410 quasi
928 2356 1088 2399 formas
1131 2366 1173 2398 et
1215 2360 1382 2414 species

27 2421 121 2450 esse
152 2408 384 2464 iudicavit,
425 2412 503 2454 sed
540 2412 710 2453 illarum
751 2412 880 2453 etiam
919 2412 1152 2469 imprimis,
1198 2430 1382 2470 quarum

26 2464 194 2521 effigies
232 2466 275 2507 in
318 2469 444 2511 terris
485 2484 699 2523 nusquam
738 2469 1036 2525 reperiuntur,
1087 2471 1219 2513 veluti
1262 2473 1379 2528 iusti,

25 2521 152 2576 boni,
183 2523 338 2578 pulcri.
397 2525 618 2567 Infinitam
664 2533 808 2567 autem
850 2528 1004 2568 statuit
1048 2543 1143 2570 esse
1185 2529 1379 2573 idearum

25 2578 344 2623 multitudinem
386 2599 465 2639 pro
495 2583 704 2624 immensa
734 2582 807 2624 illa
837 2584 1060 2626 notionum
1091 2587 1238 2641 copia,
1283 2588 1379 2642 qui-

23 2634 104 2677 bus
135 2637 304 2679 animus
335 2639 548 2682 humanus
568 2655 710 2681 rerum
731 2655 891 2696 genera
911 2641 1223 2697 complectitur.
1257 2643 1378 2698 Qua-

21 2707 117 2735 rum
155 2694 577 2739 animadversionem
619 2711 751 2752 quum
789 2697 833 2739 in
874 2696 956 2739 hac
1000 2698 1222 2742 doctrinae
1253 2707 1377 2757 parte

24 2749 204 2791 maxime
235 2760 503 2807 sequeretur,
534 2753 687 2795 mirum
718 2754 915 2808 profecto
946 2754 1084 2797 videri
1120 2772 1206 2799 non
1231 2757 1375 2812 debet,

1066 2823 1103 2864 B
