1644 3039
197 162 273 202 LX

193 285 335 332 petere
388 276 526 319 liceat.
596 279 693 320 Non
730 278 872 335 inepte
916 295 1014 322 vcro
1057 281 1301 324 iudicarunt
1340 283 1414 337 qui
1461 283 1537 324 has

191 335 465 388 quaestiones
507 336 690 392 principi
733 335 1012 392 disputationi
1056 338 1282 380 adiunctas
1314 356 1536 396 compara-

192 397 345 432 verunt
377 407 469 432 cum
503 393 744 436 actionibus
776 394 1042 436 secundariis
1073 395 1311 437 tabularum
1343 397 1533 438 scenica-

189 464 292 489 rum.
349 448 724 501 Quemadmodum
744 451 855 492 enim
876 451 971 492 illae
994 467 1090 493 cum
1115 453 1339 495 universae
1363 454 1534 495 fabulae

188 512 446 561 argumento
496 521 595 564 apte
642 506 897 561 cohaerent,
935 509 996 549 ita
1025 516 1074 549 ut
1104 510 1142 550 ei
1173 509 1430 552 illustrando
1465 510 1532 552 vel

187 563 368 604 maxime
411 562 674 617 inserviant,
716 564 775 604 ita
815 565 941 605 etiam
983 581 1056 607 eae
1095 572 1241 621 partes
1292 581 1535 608 sermonum

188 620 536 674 Platonicorum,
567 636 676 676 quae
708 621 872 662 animos
904 622 1137 678 legentium
1167 639 1191 664 a
1220 623 1415 678 principe
1447 622 1536 665 dis-

188 677 409 731 putatione
442 693 621 719 avocare
654 677 873 731 videntur,
908 694 1003 719 cum
1033 679 1167 721 totius
1199 680 1342 735 operis
1373 695 1537 721 summa

186 742 271 774 tam
312 740 428 774 arcte
476 742 574 775 sunt
614 750 832 776 connexae
865 741 908 776 et
939 736 1190 790 copulatae,
1224 743 1272 777 ut
1303 737 1426 791 quasi
1456 753 1534 792 pro

185 790 385 831 membris
428 791 584 847 integri
630 791 821 847 corporis
862 791 1010 833 haberi
1056 793 1256 835 debeant.
1330 793 1536 835 Tendunt

186 847 297 887 enim
330 848 471 888 omnia
504 848 689 902 denique
722 863 898 903 prorsus
934 849 1109 901 eodem,
1146 857 1298 905 estque
1330 851 1531 892 universo

186 906 303 959 operi
343 920 473 945 unum
514 905 718 960 quiddam
758 912 962 960 tanquam
1001 922 1210 948 summum
1257 914 1298 948 et
1336 908 1530 948 ultimum

185 962 470 1016 propositum,
496 961 628 1017 quod,
649 963 684 1003 si
717 977 811 1002 cum
844 964 1154 1005 recentioribus
1186 964 1303 1019 loqui
1334 964 1530 1013 velimus,

184 1016 369 1059 ideam
417 1019 558 1074 operis
599 1019 740 1060 dicere
780 1018 921 1060 liceat.
992 1019 1116 1073 Quae
1158 1037 1289 1075 quum
1329 1021 1388 1062 ita
1430 1022 1531 1071 sint,

184 1073 386 1116 desinant
417 1075 589 1116 tandem
621 1075 853 1130 aliquando
877 1076 1101 1118 Platonem
1130 1078 1390 1133 vituperare,
1415 1079 1532 1133 quod

182 1146 232 1172 ea
256 1133 524 1174 sermonibus
547 1132 637 1174 suis
659 1133 954 1186 immiscuerit,
973 1148 1083 1187 quae
1105 1149 1129 1174 a
1160 1150 1203 1175 re
1235 1141 1278 1175 et
1309 1135 1531 1189 proposito

182 1187 322 1229 aliena
362 1188 616 1242 videantur,
651 1196 780 1243 atque
822 1204 966 1231 secum
1011 1198 1214 1245 reputent
1244 1191 1404 1247 dialogi
1436 1191 1532 1232 dra-

182 1245 325 1286 matici
345 1245 547 1302 scriptori
567 1245 678 1286 idem
701 1261 795 1287 esse
817 1245 1156 1299 concedendum,
1176 1247 1292 1302 quod
1318 1247 1360 1288 in
1389 1249 1532 1303 poetis

184 1302 367 1344 scenicis
400 1318 546 1344 omnes
578 1303 810 1357 probamus
841 1309 969 1357 atque
1001 1302 1240 1345 laudamus,

296 1358 353 1400 Et
395 1359 500 1401 haec
542 1359 717 1412 quidem
759 1359 811 1400 de
855 1366 945 1401 arte
986 1375 1035 1401 ac
1075 1361 1240 1403 ratione
1272 1361 1527 1414 disserendi,

181 1415 320 1457 malis
355 1416 397 1456 in
429 1416 625 1457 Platonis
655 1417 924 1457 sermonibus
956 1418 1161 1470 cernitur,
1192 1419 1235 1458 in
1267 1418 1529 1459 universum.

181 1431 305 1525 &luae
345 1488 398 1513 ne
440 1473 535 1527 quis
577 1473 778 1529 opinetur
817 1472 869 1513 de
909 1473 1105 1514 omnibus
1146 1475 1307 1528 pariter
1348 1474 1530 1515 iudicari

182 1536 396 1584 oportere,
417 1529 732 1571 meminerimus
755 1545 828 1571 eos
854 1536 897 1570 et
917 1528 1084 1572 diversa
1115 1537 1256 1572 aetate
1289 1546 1381 1573 esse
1414 1546 1530 1573 com-

181 1587 350 1642 positos
376 1593 418 1627 et
438 1602 515 1642 pro
539 1587 778 1642 argumenti
799 1593 953 1627 natura
975 1588 1136 1628 variam
1163 1587 1321 1629 habere
1352 1588 1530 1629 formam

180 1649 310 1697 atque
350 1644 553 1698 speciem.
615 1644 728 1686 Nam
775 1644 848 1697 qui
889 1644 1039 1697 scripti
1088 1654 1190 1686 sunt
1228 1660 1278 1686 eo
1319 1651 1529 1700 tempore,

181 1715 266 1755 quo
307 1699 592 1756 philosophus
624 1699 890 1742 Socraticam
934 1700 1205 1756 disciplinam
1246 1707 1288 1742 et
1318 1701 1527 1743 rationem

181 1757 521 1812 amplexabatur,
542 1757 586 1798 in
617 1757 668 1799 iis
699 1764 851 1813 regnat
881 1757 968 1798 fere
990 1758 1312 1813 Xenophontea
1341 1758 1527 1799 facilitas

179 1820 222 1854 et
253 1814 509 1868 simplicitas
530 1820 659 1869 atque
682 1814 906 1868 aequabile
935 1822 975 1855 et
997 1814 1262 1856 moderatum
1284 1814 1525 1856 disserendi

178 1885 336 1927 genus3
387 1871 526 1912 minus
581 1871 706 1912 adest
744 1877 919 1913 ornatus
961 1872 1143 1926 poetici,
1185 1871 1436 1913 subtilitatis
1477 1887 1526 1913 ac

178 1927 452 1969 sublimitatis
484 1928 605 1981 quasi
638 1926 849 1981 quaedam
880 1927 1022 1978 initia;
1056 1943 1302 1983 quanquam
1326 1929 1399 1983 qui
1429 1945 1529 1985 pro-

178 1984 303 2025 ximis
326 1985 449 2025 annis
471 1990 570 2025 ante
589 1983 781 2026 Socratis
803 1984 964 2025 obitum
988 1985 1056 2026 vel
1076 1985 1221 2040 paullo
1245 1991 1342 2040 post
1363 1985 1527 2026 conditi

177 2040 391 2093 videntur,
423 2041 465 2081 in
497 2041 548 2082 iis
581 2042 763 2082 virtutes
793 2055 939 2082 omnes
972 2041 1133 2097 ingenii
1156 2041 1370 2082 Platonici
1403 2042 1526 2096 quasi

178 2098 421 2153 promicant
464 2098 685 2152 paullatim
725 2103 766 2137 et
807 2097 1192 2153 exsplendescunt,
1224 2104 1273 2139 ut
1303 2097 1429 2139 facile
1461 2098 1525 2139 in-

177 2155 346 2211 telligas
392 2154 696 2210 philosophum
738 2152 793 2194 ad
832 2169 995 2195 summa
1036 2170 1232 2209 quaeque
1263 2153 1525 2197 contendere

177 2227 318 2265 neque
349 2211 393 2252 in
413 2217 653 2253 ceterorum
676 2210 933 2266 scriptorum
954 2211 1251 2253 mediocritate
1273 2211 1523 2254 subsistere.

178 2268 332 2323 Itaque
365 2275 488 2323 patet
516 2269 559 2309 in
591 2268 686 2309 illos
717 2267 891 2322 quidem
921 2284 1008 2309 non
1036 2269 1201 2322 omnia,
1234 2283 1344 2323 quae
1376 2267 1524 2324 dispu-

177 2325 378 2379 tavimus,
412 2325 664 2378 convenire,
700 2323 1047 2379 quandoquidem
1080 2326 1243 2367 minore
1274 2331 1364 2366 arte
1394 2340 1522 2380 quam

176 2382 307 2423 ceteri
351 2382 579 2437 compositi
618 2388 661 2423 et
703 2381 909 2422 elaborati
952 2388 1075 2436 sunt,
1109 2380 1305 2437 adeoque
1337 2381 1391 2422 ad
1422 2382 1522 2424 sim-

176 2439 412 2493 plicitatem
455 2439 661 2480 sermonis
694 2437 905 2480 Socratici
944 2454 1079 2495 prope
1121 2439 1345 2481 accedunt.
1407 2437 1523 2481 Sunt

175 2510 276 2536 vero
307 2497 433 2537 etiam
485 2496 555 2537 alii
596 2495 715 2548 libri,
758 2495 831 2550 qui
871 2495 951 2537 etsi
981 2512 1005 2537 a
1038 2497 1219 2538 Platone
1249 2495 1521 2550 provectiore

173 2558 311 2593 aetate
367 2553 515 2609 scripti
576 2558 701 2606 sunt,
742 2558 882 2593 tamen
932 2553 1070 2595 minus
1107 2553 1267 2595 habent
1305 2552 1423 2606 artis,
1454 2551 1519 2593 id-

176 2623 259 2662 que
299 2616 552 2664 propterea,
602 2608 718 2664 quod
778 2607 939 2666 dialogi
988 2610 1124 2652 forma
1170 2609 1400 2652 subtilitati
1432 2607 1519 2650 dis-

177 2666 432 2720 putationis,
455 2682 566 2723 quae
598 2666 641 2708 in
662 2666 714 2708 iis
733 2665 939 2719 cernitur,
962 2667 1102 2709 minus
1135 2673 1200 2708 est
1230 2672 1520 2708 consentanea

174 2727 215 2761 et
246 2723 579 2766 accommodata.
642 2722 857 2776 Quorsum
889 2724 1107 2781 pertinent
1135 2723 1414 2775 Theaetetus,
1438 2721 1530 2771 So·-
