1644 3039
547 972 967 1031 INDEX

42 1084 376 1129 EDITIONUM
416 1084 682 1130 PLATONIS
724 1087 1085 1135 ALIORUMQUE
1122 1087 1433 1128 PRAESIUIO-

218 1163 323 1208 RUM
361 1166 695 1209 CRITICORUM
739 1167 803 1208 ET
842 1166 1286 1209 EXEGETICORUM.

3 1419 6 1443 ἃ
75 1386 239 1420 Aldina
264 1388 387 1421 editio.
415 1387 541 1421 Venet.
565 1386 670 1422 1513.
695 1387 758 1420 fol.
785 1388 821 1419 in
848 1398 917 1429 qua
942 1386 1100 1420 curanda
1124 1387 1384 1420 AldusMan
1396 1399 1433 1420 ιι-

0 1451 6 1491 ἦ
165 1445 258 1476 tius
284 1454 371 1476 avus
396 1454 481 1476 usus
508 1448 562 1477 est
588 1445 738 1477 consilio
765 1450 799 1476 et
826 1455 934 1486 opera
956 1445 1107 1477 Marci
1134 1445 1307 1477 Musuri
1335 1445 1432 1477 Cre-

167 1501 326 1533 tensis.

0 1584 4 1634 ἑ
72 1568 353 1604 Basiteeusis
380 1569 407 1602 I.
440 1580 468 1602 s.
503 1565 788 1602 Valderiana.
823 1568 906 1602 Bas.
944 1568 1048 1603 1534.
1081 1569 1144 1601 fol.
1183 1570 1239 1601 cui
1270 1570 1432 1611 praefue-

165 1627 496 1668 runtOporinus
523 1626 822 1668 etGrynaeus.
872 1627 991 1659 Ducta
1018 1631 1071 1659 est
1094 1637 1137 1658 ex
1156 1628 1290 1660 Aldino
1317 1637 1432 1659 exem-

163 1684 236 1725 plo,
255 1684 374 1716 multis
392 1689 508 1716 tamen
525 1686 611 1717 locis
637 1685 792 1721 mutatis,
822 1684 972 1716 subinde
998 1685 1101 1716 etiam
1127 1686 1314 1726 corruptis.
1362 1685 1432 1716 Ac-

163 1747 345 1772 cesserunt
362 1742 518 1775 Procli
544 1753 562 1775 c
575 1753 637 1774 om
652 1753 685 1773 m
698 1742 871 1773 entarii
885 1743 921 1773 in
937 1741 1121 1774 Timaeum
1139 1747 1172 1773 et
1191 1742 1302 1773 libros
1321 1743 1364 1774 de
1378 1752 1431 1774 re-

166 1798 321 1839 publica,
350 1809 371 1831 a
397 1798 603 1841 Grynaco
631 1809 673 1831 ex
701 1799 802 1830 codd.
830 1797 1092 1831 Oxonicnsibus
1119 1799 1298 1839 descripti.

73 1865 358 1899 Basileensis
384 1867 429 1899 11.
456 1879 484 1900 s.
512 1866 809 1911 Hopperiana.
839 1867 921 1899 Bas.
950 1866 1052 1901 1556.
1079 1867 1138 1898 fol.
1166 1877 1256 1908 quae
1280 1867 1433 1908 insignis

164 1928 217 1955 est
234 1924 353 1955 multis
369 1925 581 1956 lectionibus
599 1926 701 1956 novis
718 1929 752 1957 et
771 1924 1016 1966 peculiaribus.
1067 1923 1215 1955 Curavit
1232 1935 1306 1956 eam
1325 1924 1432 1956 Mar-

166 1990 240 2012 cus
267 1981 534 2023 Hopperus,
563 1983 623 2023 qui
658 1993 740 2014 usus
774 1987 826 2014 est
858 1982 969 2023 copiis
1002 1981 1196 2013 Arnoldi
1222 1982 1432 2021 Arlcnii,

162 2037 316 2078 plurium
342 2039 504 2070 codicum
530 2039 721 2071 collatione
750 2040 973 2080 comparatis.
1001 2038 1122 2069 Editio
1149 2040 1303 2080 egregia.

71 2105 388 2148 Stephaniana.
414 2107 517 2139 Paris
542 2107 642 2142 1578.
670 2107 731 2139 fol.
756 2107 813 2139 ΙΙΙ
839 2107 980 2138 Volum.
1007 2118 1085 2139 cum
1109 2108 1340 2140 translatione
1362 2109 1431 2140 La-

161 2163 237 2195 tina
261 2163 417 2198 Ioann.
443 2164 635 2196 Serrani
668 2170 702 2196 et
725 2165 957 2197 annotatione
983 2165 1105 2197 critica
1132 2165 1318 2199 Henrici
1342 2163 1431 2199 Ste-

160 2220 216 2261 ph
228 2221 320 2258 ani,
342 2222 401 2262 qui
418 2222 587 2263 plurimos
604 2221 701 2254 locos
717 2222 917 2263 castigavit,
933 2232 1018 2254 usus
1039 2223 1093 2254 vel
1116 2223 1192 2254 sola
1217 2224 1431 2261 coniectura,

162 2277 219 2308 vel
241 2278 420 2318 prioribus
437 2278 652 2311 editionibus
679 2284 713 2311 et
729 2279 847 2311 Ficini
871 2279 975 2319 intem
991 2280 1178 2319 retatione,
1198 2281 1252 2312 vel
1278 2280 1430 2312 aliorum

164 2334 369 2366 criticorum
395 2335 716 2376 observationibus,
744 2337 780 2368 in
804 2336 927 2378 primis
952 2336 1055 2368 Iani
1081 2335 1138 2369 Co
1150 2338 1303 2371 rnarii.

209 2390 312 2422 Hanc
339 2397 589 2432 expresserunt
605 2394 715 2425 editio
735 2392 1048 2436 Lugdunensis
1066 2404 1094 2425 s.
1115 2393 1428 2434 Ιιαεπιανὶαηα,

163 2456 250 2487 quae
275 2448 409 2488 prodiit
438 2448 539 2482 1290.
559 2449 632 2490 fol„
659 2455 693 2482 et
726 2449 1018 2483 lVecheliana.
1045 2450 1330 2486 Francof.1602.
1357 2453 1431 2494 fol„

163 2513 252 2544 quae
271 2503 403 2535 nullum
420 2504 550 2537 habent
572 2517 672 2538 usum
693 2508 864 2543 criticum,
906 2507 980 2539 Nec
1000 2508 1244 2550 interpretatio
1261 2509 1410 2542 Fieini
1423 2536 1431 2551 ‚

163 2571 268 2601 quam
294 2565 498 2602 comment,
527 2572 695 2604 germana
719 2569 791 2605 est,
818 2565 879 2597 sed
905 2565 1023 2597 multis
1048 2565 1136 2597 locis
1162 2571 1296 2599 mutata
1321 2572 1355 2600 et
1379 2568 1432 2600 in·

172 2618 359 2658 terpolata.

75 2682 323 2728 Bipontina
348 2687 457 2719 editio
483 2687 616 2728 prodiit
647 2688 743 2721 Voll.
770 2690 837 2721 XI.
862 2690 895 2724 8.
922 2701 952 2723 a.
980 2689 1177 2724 1781—87.
1227 2691 1431 2727 Orationem

168 2741 338 2776 Graecam
374 2743 515 2777 exhibet
544 2745 668 2785 talem,
694 2747 831 2788 qualem
867 2747 1152 2781 conformaverat
1176 2749 1313 2786 Henr.
1338 2751 1431 2785 Stoss

1080 2803 1171 2845 E*
