1644 3039
1368 199 1434 239 XI

89 318 308 373 opinionis
353 315 676 358 fluctuationem
718 328 768 354 ac
811 312 1124 355 dubitationem
1169 311 1433 363 excluderet,

87 390 176 417 non
206 373 378 430 putavit
407 374 452 414 in
483 387 533 413 ea
563 371 761 412 doctrina
790 368 1155 424 acquiescendum
1181 384 1291 421 esse,
1324 383 1434 422 quae

89 431 233 473 omnia
272 437 482 487 perpetua
517 428 618 470 ferri
649 427 886 483 agitatione
918 432 1128 468 statueret
1158 426 1197 481 ³³)
1239 426 1434 480 adeoque

89 488 294 530 scientiae
324 487 548 529 veritatem
589 484 762 527 efficere
792 484 953 525 nullam
984 482 1216 524 videretur.
1277 482 1434 537 Itaque

87 544 144 586 ad
172 544 469 586 Eleaticorum
499 548 542 584 et
571 548 811 584 ceterorum
843 540 1088 582 lonicorum
1120 539 1436 595 philosophiam

89 601 436 658 cognoscendam
467 600 655 641 animum
686 598 877 653 appulit,
925 597 960 638 si
991 597 1102 638 sorte
1133 612 1186 638 ex
1218 612 1268 637 ea
1296 596 1435 653 perci-

85 674 188 715 pere
218 663 369 715 posset
398 656 515 713 quod
545 654 662 711 apud
690 654 902 696 Heracliti
933 653 1093 695 amicos
1115 653 1274 694 frustra
1305 669 1435 707 quac—

88 715 263 757 sivisset
292 715 369 769 *’¹‘).
429 713 686 769 Quanquam
719 727 803 766 quo
834 717 1028 766 tempore
1054 710 1139 764 lioc
1172 711 1339 764 fecerit,
1372 710 1435 751 in-

88 779 253 814 certum
280 777 358 814 est.
417 771 508 812 Alii
536 770 649 811 enim
683 784 780 810 eum
810 774 1044 824 putarunt7
1087 767 1336 822 priusquam
1369 783 1436 808 ra-

85 828 247 870 tionem
294 827 559 871 Socraticam
607 826 897 882 percepisset,
957 824 1252 866 Eleaticorum
1305 830 1435 878 atque

85 885 333 927 Ionicorum
380 884 541 941 placita
585 883 866 940 cognovisse3
917 881 989 922 alii
1031 887 1292 923 censuerunt
1339 896 1436 922 eum

86 947 238 998 postea
278 941 450 984 demum
488 940 543 982 ad
583 940 679 982 illos
711 954 804 981 esse
833 938 1093 980 traductum.
1156 938 1224 979 De
1258 953 1343 993 qua
1373 953 1434 991 re,

87 999 124 1042 si
153 998 258 1054 quid
289 1014 342 1040 ex
371 999 470 1054 ipsa
499 997 697 1039 Platonis
729 996 960 1052 disciplina
977 995 1183 1051 colligere
1213 995 1327 1049 licet,
1359 1011 1436 1037 no-

85 1056 152 1098 bis
185 1055 361 1111 quidem
391 1055 454 1098 sic
485 1054 658 1096 videtur
688 1053 964 1095 statuendum
997 1067 1114 1105 esse,
1145 1058 1194 1093 ut
1225 1067 1322 1093 eum
1351 1052 1437 1093 iam

84 1118 251 1155 mature
290 1121 333 1154 et
372 1113 556 1154 fortasse
596 1127 646 1154 eo
684 1111 780 1167 ipso
819 1117 1038 1166 tempore7
1082 1124 1167 1163 quo
1211 1108 1435 1151 Socratem

86 1169 328 1212 consectari
358 1169 574 1224 coeperit7
617 1167 671 1210 ad
709 1167 879 1209 illorum
920 1167 1129 1208 rationem
1169 1181 1436 1222 cognoscen-

86 1226 184 1268 dam
216 1241 261 1268 se
292 1225 465 1268 dedisse
495 1232 712 1281 putemus.
775 1223 905 1266 Certe
937 1223 1111 1278 quidem
1136 1222 1329 1264 idearum
1360 1223 1436 1264 do-

87 1283 291 1336 ctrinam,
323 1282 379 1324 ad
409 1297 537 1337 quam
569 1281 848 1338 gravissimas
881 1280 1102 1322 doctrinae
1134 1295 1236 1321 suae
1275 1286 1435 1336 partes,

86 1339 281 1394 adeoque
314 1354 385 1393 ea,
427 1354 538 1393 quae
570 1355 595 1380 a
625 1338 804 1381 Socrate
837 1337 1027 1392 accepit,
1069 1336 1294 1378 referenda
1324 1336 1436 1378 iudi-

85 1396 201 1438 cavit
242 1403 286 1437 et
325 1411 371 1437 re
399 1411 501 1437 vera
536 1395 708 1450 retulit,
747 1411 835 1436 non
864 1394 1010 1451 potuit
1040 1394 1158 1449 prius
1187 1394 1435 1449 excogitare

85 1458 130 1494 et
167 1452 397 1508 perficere,
439 1467 567 1506 quam
604 1452 899 1494 Eleaticorum
940 1450 1112 1492 decreta
1141 1452 1435 1506 cognovisset.

83 1509 241 1564 Itaque
271 1509 501 1551 verisimile
531 1516 599 1551 est
628 1524 725 1551 eum
752 1507 991 1564 repudiatis
1025 1508 1236 1549 Heracliti
1268 1508 1435 1564 opinio-

83 1566 214 1608 nibus
246 1566 453 1608 continuo
483 1580 530 1607 se
561 1567 797 1609 contulisse
830 1564 885 1606 ad
916 1565 1210 1606 Eleaticorum
1244 1571 1287 1606 et
1317 1565 1435 1606 Ioni-

85 1638 233 1665 corum
263 1622 502 1665 doctrinam
535 1623 777 1665 accuratius
810 1621 1158 1679 cognoscendam
1189 1623 1297 1675 ***),
1344 1622 1436 1663 Ha-

84 1680 179 1722 buit
213 1685 356 1722 autem
385 1686 570 1734 utraque
601 1680 673 1722 illa
702 1680 866 1723 familia
894 1679 1009 1721 viros
1041 1679 1278 1734 sapientiae
1309 1678 1436 1720 laude

85 1752 136 1779 ea
175 1742 316 1779 aetate
353 1736 703 1780 florentissimos:
754 1738 889 1779 altera
926 1735 1255 1789 Parmenidem,
1302 1737 1436 1777 altera

84 1795 391 1850 Anaxagoram
432 1793 780 1847 Clazomenium,
829 1808 1012 1847 quorum
1067 1808 1224 1834 nomen
1270 1793 1307 1835 si
1348 1808 1435 1834 non

85 1850 259 1892 aliunde
287 1850 570 1904 innotuisset,
603 1857 718 1892 certe
747 1851 886 1906 ipsius
916 1849 1112 1891 Platonis
1153 1850 1327 1906 scriptis
1367 1865 1434 1891 sa—

84 1907 142 1949 tis
183 1913 299 1948 esset
338 1907 613 1949 nobilitatum
653 1907 708 1948 ad
746 1907 1016 1964 posteritatis
1055 1907 1316 1950 memoriam.
1376 1907 1436 1947 Et

86 1962 367 2005 Parmenides
418 1963 616 2018 quidem,
676 1965 749 2018 qui
807 1969 1027 2019 acceptam
1081 1980 1106 2005 a
1156 1963 1433 2018 Xenophane

84 2019 293 2076 magistro
325 2019 565 2062 doctrinam
585 2021 922 2077 amplificaverat
952 2026 1082 2075 atque
1114 2020 1432 2075 emendaverat,

85 2076 304 2132 duplicem
348 2091 443 2119 esse
482 2077 630 2119 docuit
670 2078 985 2135 cognitionem:
1027 2078 1227 2132 alteram,
1269 2094 1378 2133 quae
1411 2094 1433 2119 e

85 2134 215 2176 rebus
243 2133 321 2176 sub
353 2149 505 2176 sensus
535 2134 788 2177 cadentibus
820 2134 1079 2188 hauriretur,
1114 2140 1156 2176 et
1186 2150 1296 2189 quae
1325 2135 1433 2176 nihil

85 2190 262 2233 haberet
290 2190 374 2232 nisi
414 2191 631 2246 quandam
661 2193 879 2249 opinionis
908 2192 1281 2248 probabilitatem3
1327 2192 1433 2234 alte-

141 2401 174 2444 *)
204 2401 243 2432 V.
271 2399 444 2434 Phaedon.
472 2414 502 2445 p.
528 2405 583 2439 96.
610 2405 649 2437 C.
676 2405 817 2439 Theaet.
846 2418 876 2448 p.
899 2407 978 2441 149.
1007 2406 1044 2438 E.
1073 2407 1201 2446 Cratyl.
1227 2418 1258 2449 p.
1284 2406 1363 2440 402.
1391 2409 1429 2439 Α.

126 2448 180 2490 ³²⁸³)
205 2447 248 2478 V.
275 2447 396 2489 Diog.
430 2448 572 2485 Laert.
607 2451 662 2483 ΙΙΙ.
697 2452 729 2485 6.
762 2457 796 2484 et
829 2458 960 2485 auctor.
994 2452 1111 2484 infert.
1146 2453 1202 2484 vit.
1240 2453 1373 2484 Platon.
1399 2453 1429 2485 in

201 2493 412 2526 Heerenii
440 2495 598 2528 Biblioth.
627 2502 707 2531 vett.
734 2499 857 2530 artium
885 2504 918 2531 et
948 2498 1110 2539 disciplin.
1138 2499 1217 2530 Vol.
1249 2498 1285 2530 V.
1313 2510 1343 2540 p.
1361 2499 1429 2539 13„

201 2548 343 2591 quorum
379 2541 465 2572 alter
500 2541 774 2585 Hermogenem,
813 2546 900 2576 alter
938 2545 1161 2586 Hermippum
1201 2549 1317 2577 narrat
1358 2547 1428 2577 eius

199 2589 400 2637 magistrum
434 2586 539 2619 fuisse
570 2589 602 2620 in
634 2589 844 2632 philosophia
878 2590 1046 2622 Eleatica.
1101 2589 1203 2622 Quod
1245 2591 1326 2623 licet
1363 2591 1428 2623 [ide

199 2629 372 2672 indignum
403 2642 479 2665 esse
511 2634 702 2675 suspicatus
734 2637 778 2668 sit
810 2637 960 2668 Aslius
993 2647 1023 2677 p.
1056 2636 1130 2676 20„
1163 2641 1277 2669 tamen
1310 2637 1428 2669 Plato-

197 2685 277 2728 Jiem
323 2680 456 2711 mature
497 2682 701 2720 cognovisse
739 2683 898 2724 dogmata
940 2681 1095 2714 Eleatica
1140 2682 1428 2721 verisimillimum,

197 2731 266 2754 imo
296 2726 428 2756 certum
455 2728 628 2767 putamus.

105 2765 176 2809 ⁸¹⁰)
200 2767 245 2801 V.
271 2767 417 2804 Theaet.
444 2781 474 2813 p.
501 2770 580 2805 183.
606 2771 646 2805 Ε.
671 2773 865 2806 Parmenid.
895 2783 926 2814 p.
957 2773 1029 2807 127.
1059 2772 1234 2806 Phaedon
1261 2773 1286 2808 1.
1314 2784 1341 2808 c.
