1644 3039
212 151 343 192 LXII

327 263 457 316 Quod
498 264 628 319 igitur
658 264 787 327 vulgo
832 263 1020 305 dictitari
1053 265 1186 318 solet,
1214 266 1434 322 ingenium
1466 281 1559 308 esse

210 321 434 375 cuiusque,
459 299 609 375 quod
599 335 735 375 ipsms
757 321 918 376 stylum
947 321 1098 378 fingat,
1129 300 1381 376 conformet,
1412 329 1558 380 regat3

209 376 254 417 id
298 378 335 418 si
375 377 428 419 de
467 377 553 417 ullo
604 377 688 419 alio
727 379 936 441 scliptore
966 379 1177 420 affirmare
1207 379 1324 432 licet,
1357 387 1473 422 certe
1506 379 1560 421 de

210 434 394 475 Platone
421 433 648 475 dicendum
671 441 752 487 est,
771 449 893 476 6111115
914 436 1050 476 oratio
1072 435 1408 477 fidelissimam
1398 437 1561 492 mgenii

211 491 302 532 eius
328 491 557 546 imaginem
581 491 891 547 propemodum
915 500 1011 533 ante
1034 492 1183 534 oculos
1204 492 1404 535 collocat.
1446 493 1562 535 Nam

211 563 343 602 quum
374 563 398 588 a
427 555 580 589 natura
610 548 851 604 accepisset
880 556 921 589 et-
953 565 1094 591 acrem
1124 548 1265 603 pulcri
1295 551 1555 605 venustique

213 619 384 646 sensum
418 611 459 646 et
489 620 689 661 magnam
719 622 805 647 vim
837 606 1044 647 acuminis
1075 612 1118 647 et
1148 606 1347 647 eximium
1377 606 1561 662 phanta-

211 661 298 702 siae
329 662 538 718 vigorem,
571 662 811 703 mirandum
843 663 1039 717 profecto
1070 678 1156 704 non
1187 669 1266 715 est,
1302 663 1419 717 quod
1452 678 1561 718 quae

206 719 344 774 primo
375 698 572 774 t>quidem
616 727 796 775 aspectu
845 721 1026 761 maxime
1077 695 1320 761 contrariae
1360 720 1562 762 videntur

209 776 416 817 orationis
451 776 909 832 xirtutes,simplex
940 777 1327 832 perspicuitas
1358 783 1410 818 et
1442 777 1560 819 sub-

206 831 357 874 limis
392 832 622 874 audacia
662 848 759 874 cum
802 849 958 887 magna
989 849 1169 874 rerum
1201 848 1260 875 ac
1291 834 1560 898 5611161111-

206 903 357 931 arum
389 890 553 945 copia
584 897 636 931 et
677 891 968 945 ubertate,
998 905 1072 932 eae
1105 891 1364 932 coniunctae
1394 891 1439 932 111
1469 891 1560 955 eius

207 946 504 988 sermonibus
494 961 635 989 1116556
647 949 944 1012 reperiuntur.
1005 946 1176 1011 Quippe
1197 962 1378 989 acumen
1397 947 1560 1004 ingenii

207 1002 483 1058 studiumque
511 1004 849 1059 perspicuitatis,
872 1019 956 1068 quo
976 1010 1143 1045 tantum
1163 1005 1382 1060 ingenium
1414 1019 1559 1046 carere

210 1067 325 1101 certe
356 1076 443 1101 non
472 1068 656 1116 poterat,
682 1060 826 1103 effecit
849 1061 970 1102 nativ
974 1076 1041 1101 am
1060 1061 1176 1101 illam
1197 1069 1239 1102 et
1267 1062 1559 1117 incorruptam

208 1117 542 1172 simplicitatem,
568 1132 677 1172 quae
709 1119 891 1160 maxime
921 1118 1150 1159 verborum
1181 1133 1454 1174 propriorum
1485 1133 1560 1174 ap-

206 1180 435 1227 torumque
466 1172 638 1215 delectu
669 1181 799 1229 atque
838 1174 1024 1215 naturali
1055 1174 1240 1228 quadam
1271 1175 1559 1216 membrorum

205 1236 247 1271 et
269 1229 544 1294 periodorum
568 1237 785 1272 structura
807 1230 1070 1272 continetur:
1097 1245 1181 1284 quo
1200 1231 1374 1285 quidem
1389 1232 1560 1274 nomine

205 1302 429 1328 verisslme
459 1287 651 1329 rhetores
687 1287 860 1343 quidam
895 1296 1078 1340 veteres,
1104 1295 1152 1329 ut
1179 1287 1220 1329 Η
1238 1303 1559 1344 ermogenes

204 1343 272 1384 De
300 1343 470 1386 Formis
510 1344 569 1385 ΙΙ.
604 1346 668 1386 1‘2.
701 1361 743 1400 p.
777 1346 872 1386 505.
902 1343 961 1386 II.
997 1345 1035 1386 3.
1067 1361 1108 1400 p.
1142 1346 1222 1386 387
1255 1344 1322 1386 ed.
1353 1345 1489 1388 Laur.
1521 1347 1559 1388 61

203 1401 448 1442 tribuerunt
478 1418 526 1442 το
559 1414 645 1443 ccv
651 1418 729 1443 ουν
769 1417 802 1445 5.
834 1419 884 1443 το
915 1404 1049 1456 aspele
1034 1409 1088 1450 ἐς.
1148 1401 1314 1443 Verum
1340 1409 1390 1443 ut
1419 1403 1560 1458 philo-

204 1457 366 1513 sophus
397 1473 418 1499 e
450 1457 537 1499 leni
566 1457 650 1499 isto
683 1458 892 1500 sermonis
923 1457 1095 1498 flumine
1128 1457 1211 1498 olei
1233 1459 1369 1499 instar
1388 1458 1559 1501 labente

202 1529 363 1571 passim
384 1521 623 1571 emergeret
649 1521 691 1556 et
721 1521 969 1570 assurgeret
1000 1514 1055 1555 ad
1086 1513 1311 1556 sublimem
1343 1515 1559 1569 quandam

204 1570 640 1635 grandiloquentiam,
656 1572 954 1628 magnitudine
974 1586 1023 1613 ac
1048 1571 1313 1613 sublimitate
1335 1587 1560 1636 sensorum

202 1634 245 1669 et
286 1628 576 1693 cogitatorum
617 1610 816 1670 effectum
849 1635 937 1682 est,
972 1628 1128 1683 quibus
1156 1635 1311 1684 pectus
1342 1629 1434 1671 eius
1462 1636 1558 1671 tan-

204 1699 331 1738 quam
355 1686 564 1727 instinctu
581 1685 768 1740 quodam
780 1685 926 1727 divino
941 1685 1152 1749 repletum
1172 1691 1215 1726 et
1233 1685 1443 1741 agitatum
1463 1687 1557 1730 fuit.

203 1741 463 1806 Quanquam
504 1743 617 1784 enim
655 1758 734 1798 pro
779 1742 925 1784 divino
966 1742 1122 1784 mentis
1165 1742 1361 1783 acumine
1390 1743 1557 1799 perspi-

204 1799 355 1840 cuitati
385 1799 590 1841 orationis
622 1798 787 1841 studuit
818 1799 1015 1852 maxime,
1037 1805 1181 1840 tamen
1207 1798 1377 1840 excelsa
1401 1800 1555 1843 mentis

201 1854 372 1897 indoles
402 1855 647 1920 prohibuit,
680 1871 733 1898 ne
774 1863 945 1912 reperet
974 1856 1093 1897 humi
1121 1870 1273 1897 rarove
1303 1855 1430 1898 altius
1461 1872 1555 1899 sese

202 1912 442 1965 attolleret,
483 1928 612 1954 11111110
662 1928 758 1954 611111
809 1913 864 1954 ad
906 1912 1115 1969 grandem
1156 1911 1372 1967 quandam
1413 1914 1557 1955 evexit

202 1969 534 2021 sublimitatem,
565 1975 615 2010 ut
655 1983 783 2024 saepe
824 1970 949 2011 etiam
991 1969 1046 2010 ad
1076 1976 1301 2024 poetarum
1332 1969 1556 2012 audaciam

201 2040 431 2081 assurgere
462 2001 675 2068 videatur.
734 2026 852 2089 ῌ1110
881 2026 1016 2082 igitur
1042 1986 1272 2080 spplendida
1300 2025 1374 2066 illa
1402 2026 1554 2068 verbo-

201 2098 295 2124 rum
332 2083 518 2136 lumina,
564 2097 673 2148 quae
710 2082 801 2124 eius
856 2063 1043 2124 sermoni
1088 2082 1304 2138 poeticam
1352 2081 1555 2125 videntur

202 2139 433 2182 conciliare
474 2142 686 2196 speciem3
726 2139 826 2182 hinc
868 2138 1073 2181 audacior
1123 2138 1470 2203 metaphorarum
1512 2146 1556 2182 et

202 2196 504 2253 allegoriarum
548 2212 674 2249 usus,
718 2197 793 2250 qui
834 2211 1144 2251 saepenumero
1184 2195 1288 2237 31115
1335 2196 1554 2252 magistris

200 2253 277 2295 tali
305 2253 558 2295 sublimitati
587 2269 674 2295 non
707 2253 962 2295 assuefactis
983 2267 1165 2308 magnae
1195 2252 1278 2293 fuit
1306 2250 1551 2308 ostensioni,

199 2310 336 2352 veluti
367 2310 648 2367 Dionysio
687 2310 757 2351 De
796 2309 943 2354 admir.
984 2326 1023 2351 v.
1055 2289 1293 2351 Demosth.
1325 2309 1551 2352 XXVIII.

201 2382 242 2422 p.
277 2368 415 2421 1041.
438 2367 724 2409 Demetrio
748 2366 820 2409 De
842 2367 1015 2409 Elocut.
1039 2367 1076 2422 ξ
1099 2368 1193 2417 80.;
1226 2365 1324 2407 hinc
1354 2367 1550 2421 poeticus

201 2438 336 2479 paene
366 2424 596 2466 verborum
625 2439 843 2477 numerus,
868 2424 1038 2478 qualem
1068 2424 1112 2465 in
1134 2421 1330 2465 Phaedro
1362 2433 1405 2464 et
1425 2421 1550 2479 Sym-

201 2481 325 2535 posio
357 2481 565 2537 imprimis
594 2481 697 2522 licet
728 2480 1084 2545 animadvertere,
1119 2494 1332 2535 quemque
1358 2480 1446 2534 jam
1475 2495 1550 2521 ve-

201 2544 316 2579 teres
348 2538 555 2595 magistri,
587 2537 720 2580 veluti
743 2537 874 2579 Dem
891 2537 1068 2579 etrius
1087 2537 1155 2579 De
1174 2537 1348 2579 Elocut.
1379 2537 1548 2590 5186„

202 2600 481 2645 notaverunt3
502 2594 602 2636 hinc
614 2594 801 2649 denique
824 2593 1003 2636 celeri01
1019 2595 1141 2658 quasi
1167 2592 1371 2635 orationis
1394 2607 1547 2634 cursus

203 2651 428 2706 acriorque
460 2652 695 2705 contentio,
725 2650 841 2706 quali
869 2650 958 2693 fere
988 2650 1181 2693 instincti
1213 2648 1360 2691 divino
1391 2649 1548 2704 spiritu

203 2713 325 2748 vates
377 2707 661 2764 abripiuntur.
743 2706 831 2751 Sed
880 2707 982 2750 licet
1031 2706 1315 2763 philosophus
1365 2705 1547 2765 subinde
