1644 3039
220 156 243 193 (ἲ
587 151 1070 194 PROLEGOMENA
1102 153 1189 194 AD

220 267 362 308 iussus
390 271 505 308 esset
537 266 651 320 (cap.
682 266 1172 321 XXV—XXVIII.);
1212 268 1338 308 tertia
1376 268 1562 323 denique

223 339 273 364 ea
319 322 671 378 comprehendit,
722 338 831 377 quae
881 330 1111 380 postquam
1160 324 1351 366 secundo
1402 325 1563 367 iudicio

219 386 356 421 morte
386 385 477 421 erat
508 379 832 434 condemnatus,
865 380 1134 436 peroravisse
1163 381 1306 436 putari
1338 381 1478 424 debet.

332 436 393 478 Et
421 436 583 492 primae
613 436 787 491 quidem
828 438 963 493 partis
994 446 1293 492 argumentum
1324 437 1407 480 11110
1436 438 1563 480 redit.

221 493 412 534 Primum
443 499 587 534 orator
624 508 669 534 se
698 500 897 548 excusat,
944 494 1063 548 quod
1102 509 1260 535 usurus
1300 495 1356 535 sit
1394 495 1564 537 dicendi

222 564 378 605 genere
408 565 522 591 novo
555 556 599 591 et
627 549 670 590 in
710 550 882 592 iudiciis
924 551 1155 603 inusitato,
1195 550 1408 605 siquidem
1438 568 1566 608 repu-

222 607 350 648 diatis
380 606 631 662 vulgaribus
664 606 836 648 dicendi
869 608 1131 649 ornamentis
1165 614 1293 662 atque
1325 608 1566 650 orationum

221 663 444 705 lenociniis
473 663 598 704 unice
628 663 672 704 id
704 665 761 705 sit
792 671 990 716 acturus,
1038 670 1085 704 ut
1124 680 1232 718 quae
1272 679 1373 705 vera
1407 665 1494 706 sint
1523 665 1568 706 in

222 719 406 761 medium
437 720 731 775 proferantur,
764 728 893 775 atque
926 736 1143 763 sermones
1176 720 1431 775 audiantur,
1474 723 1568 778 qui-

222 777 302 819 bus
335 777 465 832 vulgo
499 777 625 818 etiam
656 778 718 818 uti
750 779 1043 828 consueverit3
1084 793 1224 832 neque
1265 778 1377 819 enim
1418 793 1463 820 se
1504 779 1567 820 iu-

224 833 366 874 diciali
409 833 581 875 dicendi
620 835 766 889 generi
809 851 998 889 unquam
1030 834 1327 876 adsuefactum
1370 851 1462 877 esse
1505 836 1566 891 (p.

227 892 421 933 17-18,
457 890 548 944 A.)
617 891 787 932 Deinde
831 891 1045 947 duplicem
1085 907 1180 932 0550
1221 892 1411 933 ostendit
1442 907 1569 934 accu-

223 949 454 1000 sationem,
488 947 693 989 adversus
726 964 853 1002 quam
888 949 971 991 sibi
1003 948 1230 990 dicendum
1265 949 1341 1002 sit,
1392 949 1569 990 alteram

224 1005 589 1047 clandestinorum
639 1005 983 1057 criminatorum,
1044 1005 1117 1060 qui
1161 1006 1242 1046 sibi
1283 1006 1366 1047 iam
1405 1006 1504 1047 inde
1546 1022 1570 1047 a

223 1063 353 1118 longo
382 1068 574 1117 tempore
604 1061 810 1103 invidiam
841 1069 884 1103 et
915 1063 1058 1104 odium
1081 1062 1267 1103 conflare
1288 1069 1430 1104 conati
1462 1063 1569 1113 sint3

225 1120 401 1160 alteram
443 1124 689 1172 apertorum
731 1118 1096 1172 adversariorum,
1149 1119 1222 1174 qui
1269 1119 1407 1174 ipsum
1456 1136 1570 1161 nunc

226 1176 397 1231 publice
430 1176 737 1218 accusaverint.
798 1176 949 1230 ltaque
990 1181 1140 1218 contra
1166 1176 1262 1216 illos
1295 1177 1475 1231 primum
1507 1176 1570 1217 di-

225 1248 321 1275 cere
349 1231 539 1273 instituit
570 1232 632 1286 (p.
660 1233 722 1273 18.
754 1232 804 1272 B.
828 1258 880 1262 ——
903 1235 966 1275 24.
993 1234 1085 1287 A.)
1145 1232 1204 1273 Et
1234 1233 1572 1274 criminationem

225 1289 397 1344 quidem
429 1303 576 1329 eorum
606 1288 718 1330 hanc
750 1289 808 1330 ait
838 1304 953 1343 esse,
1000 1296 1048 1331 ut
1076 1290 1218 1345 ipsum
1251 1289 1449 1331 dictitent
1479 1305 1573 1345 per-

226 1354 359 1402 petuo
392 1346 444 1386 in
476 1345 799 1388 scrutandis
830 1347 998 1388 rebus
1032 1347 1385 1389 coelestibus
1418 1354 1468 1388 et
1498 1347 1570 1388 in-

226 1404 360 1445 feris
403 1402 617 1443 versari
656 1409 823 1457 atque
862 1418 1117 1446 caussam
1164 1403 1445 1445 meliorem
1499 1403 1572 1444 di—

228 1459 399 1502 cendo
430 1458 663 1499 reddere
695 1459 881 1501 solere
914 1460 1261 1501 deteriorem.
1307 1459 1447 1512 Quam
1479 1461 1572 1514 qui-

228 1518 325 1558 dem
377 1515 715 1557 criminationem
765 1531 814 1557 eo
867 1518 1219 1558 truculentiorem
1266 1531 1361 1558 0550
1409 1526 1571 1570 censet,

229 1573 345 1629 quod
377 1573 534 1627 vulgus
572 1572 793 1613 hominum
824 1573 983 1615 talibus
1016 1574 1206 1615 dicteriis
1238 1574 1428 1628 acceptis
1470 1589 1571 1628 pro-

228 1640 355 1673 tenus
396 1630 439 1670 in
482 1644 574 1669 eam
615 1630 906 1685 suspicionem
946 1630 1228 1685 perducatur,
1271 1636 1318 1671 ut
1363 1630 1572 1672 eiusmodi
1622 1635 1624 1640 ‘

229 1687 424 1729 homines
468 1692 593 1741 putet
637 1702 805 1728 omnem
855 1688 1047 1729 funditus
1098 1694 1290 1729 evertere
1351 1687 1571 1743 religionis

228 1746 433 1801 pietatem
460 1750 588 1797 atque
619 1743 796 1784 deorum
823 1744 1092 1800 publicorum
1122 1745 1282 1786 cultum
1314 1759 1364 1785 ac
1395 1760 1573 1785 venera-

227 1803 389 1844 tionem
420 1799 473 1841 de
502 1799 645 1841 medio
674 1800 838 1843 tollere.
899 1801 965 1842 Eo
1005 1808 1145 1842 autem
1177 1800 1407 1855 accedere,
1457 1802 1574 1856 quod

227 1857 471 1901 istiusmodi
508 1872 700 1898 rumores
739 1858 821 1898 iam
860 1858 1021 1900 dudum
1064 1858 1107 1899 in
1149 1858 1319 1900 occulto
1352 1858 1491 1912 sparsi
1524 1874 1574 1900 ac

230 1913 494 1957 disseminati
534 1914 645 1966 sint,
688 1921 735 1955 ut
774 1915 996 1969 paullatim
1035 1916 1078 1956 in
1117 1916 1268 1956 animis
1310 1915 1574 1956 audientium

231 1980 447 2025 tamquam
488 1970 766 2022 inoleverint,
809 1971 1013 2025 quodque
1054 1972 1105 2012 iis
1145 1973 1273 2012 etiam
1320 1971 1490 2027 publice
1530 1973 1575 2013 in

230 2044 360 2071 scena
391 2027 458 2069 usi
490 2027 576 2068 sint
606 2034 757 2082 poetae
789 2028 956 2080 comici,
991 2044 1119 2082 quum
1149 2028 1339 2069 defensio
1370 2028 1576 2070 adversus

231 2087 338 2127 tales
377 2083 695 2125 criminationes
736 2087 908 2125 omnino
952 2091 1156 2139 suppetat
1187 2085 1302 2126 nulla
1335 2085 1392 2140 (p.
1427 2087 1489 2126 18.
1523 2085 1573 2125 B.

233 2169 286 2174 —-
320 2142 505 2194 19.'A.).
565 2141 713 2196 Negat
749 2156 850 2181 vero
892 2148 1057 2194 orator,
1100 2157 1195 2183 sese
1238 2158 1441 2196 umquam
1478 2142 1576 2182 tali-

233 2202 313 2243 bus
343 2198 668 2254 quaestionibus
700 2197 871 2239 dedisse
902 2214 1096 2253 operam,
1137 2214 1215 2239 nec
1245 2214 1345 2239 vcro
1378 2198 1577 2240 concedit

233 2273 327 2299 5050
359 2261 539 2310 accepta
568 2254 791 2307 mercede,
833 2256 957 2296 sicuti
999 2255 1216 2310 sophistae
1250 2256 1430 2309 faciant,
1473 2254 1576 2296 ado-

233 2315 445 2355 lescentes
485 2311 539 2353 ad
577 2308 830 2367 sapientiam
871 2312 1110 2354 instituisse
1148 2318 1203 2368 (p.
1242 2315 1304 2353 19.
1337 2314 1388 2354 A.
1422 2338 1476 2342 ——
1508 2314 1575 2354 ΞΟ.

233 2370 318 2425 0.).
351 2395 400 2400 -—
460 2369 648 2410 Fontem
685 2377 825 2409 autem
867 2375 909 2409 et
945 2384 1140 2410 caussam
1179 2370 1347 2411 illarum
1378 2369 1576 2411 crimina-

232 2428 400 2468 tionum
430 2426 543 2467 hunc
576 2441 668 2467 esse
701 2425 840 2467 docet.
901 2425 1126 2481 Obtigisse
1169 2427 1249 2468 sibi
1295 2427 1354 2467 ait
1384 2426 1575 2482 singula-

234 2500 322 2525 rem
353 2483 567 2538 quandam
591 2483 845 2536 sapientiam
867 2498 1046 2537 eamque
1065 2499 1163 2524 vere
1182 2483 1424 2536 humanam,
1448 2498 1576 2537 quam

236 2542 328 2595 ipsc
361 2541 466 2581 deus
498 2539 739 2595 Delphicus
769 2540 941 2581 oraculo
975 2540 1159 2594 quodam
1192 2540 1366 2581 summis
1398 2555 1576 2582 ornave-

237 2599 291 2638 rit
328 2597 543 2639 laudibus.
614 2596 936 2652 Chaerephonti
978 2597 1088 2638 enim
1134 2596 1366 2651 aliquando
1412 2598 1464 2645 ab
1505 2597 1577 2637 1110

236 2654 317 2694 hoc
348 2654 492 2695 datum
524 2669 618 2695 0550
650 2670 928 2709 responsum,
962 2653 1183 2697 Socratem
1214 2654 1453 2694 mortalium
1484 2669 1578 2694 0550

236 2712 609 2766 sapientissimum.
672 2711 723 2752 ld
749 2727 848 2753 vero
868 2726 960 2753 5050
996 2711 1177 2765 primum
1209 2726 1291 2751 non
1328 2710 1575 2761 010011111550,
