1644 3039
132 537 182 578 18

211 162 264 203 56
693 156 1079 200 PLATONIS

210 279 328 320 τωσί.
352 276 432 318 νῦν
451 272 529 329 ἐγὼ
561 276 736 331 πρῶτον
764 276 834 317 ἐπὶ
865 272 1148 331 δικαστήριον
1180 273 1449 328 ἀναβέβηκα,
1487 276 1560 324 ἔτη

210 340 397 399 γεγονώς
414 344 542 385 πλείω
564 340 868 396 ἑβδομήκοντα
883 356 891 365 ·
921 340 1112 397 ἀτεχνῶς
1132 334 1212 384 οὖν
1231 341 1357 392 ξένοις
1380 344 1454 395 ἔχω
1483 341 1561 390 τῆς

211 409 377 453 ἐνθάδε
398 409 558 460 λέξεως.
584 406 722 464 ὥςπερ
750 402 833 453 οὖν
853 406 923 458 ἄν,
948 414 983 451 εὶ
999 410 1059 462 τῷ
1085 407 1562 461 ὅντιξένοςὲτύγχανον

213 475 642 531 ὤν,ξυνεγιγνώσκετε
655 475 801 527 δήπου
817 474 874 517 ἄν
887 480 1068 529 pomi-{v
1080 479 1215 535 ἐκείνῃ
1227 477 1278 534 τῇ
1289 475 1412 533 φωνῇ
1430 490 1473 516 τε
1489 474 1562 514 καὶ

214 547 273 599 τῷ
295 543 444 600 τρόπῳ
467 545 628 598 ἔλεγον,
651 548 696 584 ἐν
719 541 868 599 οἶς-περ
893 541 1196 599 ὲτεθρσέμμην,
1216 545 1289 584 καὶ
1310 539 1362 593 δὴ
1388 543 1460 582 καὶ
1482 541 1564 581 νῦν

214 608 503 665 τοῦταὺμῶν
541 612 692 664 δέομαι
725 612 907 660 δίκαιον,
941 608 998 660 ὥς
1018 608 1048 664 γ’
1092 612 1189 664 ἐμοὶ
1217 611 1342 657 δοκῶ,
1376 605 1456 649 τὸν
1485 608 1565 661 μὲν

215 677 384 734 τρόπον
407 679 484 729 τῆς
501 678 647 728 λέξεως
667 679 744 718 ἐᾶν
763 703 828 708 —-
849 677 948 727 ἴσως
969 680 1048 730 μὲν
1085 676 1169 732 γάρ
1200 694 1240 719 τι
1268 680 1434 732 χείρων,
1466 674 1567 722 ἰ’σως

307 832 346 866 1),
396 832 463 872 ἔτη
496 829 688 872 γεγονὼς
727 832 854 862 πλείω
886 829 1216 873 ἑβδομήκοντα]
1270 829 1372 862 Bodl.
1403 827 1502 860 Vind.
1537 828 1567 861 ¹.

215 877 247 912 4.
271 877 364 910 Flor.
390 877 425 909 d.
450 888 482 918 g.
513 876 541 909 h.
569 877 648 908 Par.
681 876 794 909 DST.
828 887 894 910 om.
922 877 1032 908 πλείω.
1071 877 1111 909 In
1139 878 1228 909 Ven.
1260 877 1291 910 b.
1324 875 1425 906 πλείω
1459 871 1479 915 ἤ
1510 884 1569 905 su-

218 924 442 966 perscriptum
471 926 534 955 est.
585 922 658 954 'Non
685 927 802 954 tamen
829 922 965 960 dubito.
1001 923 1081 964 quin
1121 929 1213 956 recte
1245 926 1415 955 servatum
1452 921 1496 951 sit
1525 921 1569 952 ab

217 970 306 1001 aliis.
358 969 523 1000 Videlicet
549 968 592 1000 ad
618 969 683 1000 vim
713 969 897 1000 oratoriam
916 969 1016 1000 πλείω
1035 970 1152 1009 utique
1175 969 1375 1010 requiritur,
1403 965 1495 1007 quod
1521 966 1570 998 vi-

216 1015 338 1048 dentur
371 1014 541 1047 delevisse
572 1015 679 1046 critici
707 1015 963 1053 religiosiores,
997 1016 1053 1056 qui
1080 1015 1210 1049 Criton.
1238 1026 1272 1057 p.
1301 1014 1356 1047 52.
1384 1012 1425 1044 Ε.
1451 1013 1570 1044 memi-

215 1062 344 1093 nissent
375 1060 575 1102 simpliciter
606 1062 821 1102 septuaginta
854 1070 1017 1093 annorum
1051 1062 1257 1093 mentionem
1290 1060 1374 1092 fieri.
1421 1057 1572 1090 Accedit

218 1106 311 1148 quod
337 1105 500 1138 Socrates
526 1107 640 1146 utique
665 1116 787 1137 annum
815 1107 939 1138 aetatis
973 1108 1264 1149 septuagesimum
1291 1106 1436 1138 duorum
1463 1104 1572 1136 ferme

219 1162 382 1184 annornm
408 1152 520 1193 spatio
547 1161 792 1192 supergressus
819 1156 883 1190 est,
910 1152 1008 1184 sicuti
1035 1153 1185 1186 ostendit
1205 1152 1351 1185 Boeckh.
1382 1151 1487 1192 Corp.
1507 1151 1566 1182 In—

219 1199 348 1240 scriptt.
376 1197 424 1228 11.
459 1207 490 1238 p.
515 1198 593 1231 341.
621 1199 697 1229 coll.
728 1198 913 1232 Hermann.
964 1199 1013 1230 De
1038 1199 1173 1231 theoria
1200 1200 1274 1231 Del.
1302 1209 1335 1240 p.
1357 1199 1390 1230 7.

311 1244 350 1275 P.
382 1242 430 1276 18.
469 1239 522 1274 ὥς
550 1238 585 1284 γ’
611 1241 704 1282 ἐμοὶ
731 1241 868 1281 δοκιῦΙ
907 1243 965 1276 Sic
990 1244 1090 1277 vind.
1120 1244 1149 1277 1.
1175 1245 1207 1279 6.
1234 1245 1315 1277 Ven.
1347 1244 1377 1276 b.
1408 1245 1478 1274 Par.
1505 1241 1572 1274 DS.

221 1289 314 1323 Vett.
344 1288 442 1321 editt.
471 1287 510 1330 γε’
533 1299 600 1327 μοι,

219 1428 332 1457 autem
356 1424 503 1456 formula
531 1427 705 1455 oratorum
735 1423 864 1455 solem-

218 1471 290 1510 nis,
328 1469 373 1512 μὴ
406 1471 609 1512 θορυβεῖτε,
644 1478 746 1509 quum
780 1468 861 1509 quid

221 1516 342 1548 dicturi
382 1521 480 1555 sunt,
517 1514 608 1556 quod
645 1514 861 1546 audientibus

930 1434 1059 1458 mann.
1091 1423 1142 1456 De
1173 1423 1291 1456 ordine
1335 1425 1487 1457 indicior.
1514 1426 1576 1456 At-

930 1471 1026 1502 ticor.
1065 1481 1096 1511 p.
1143 1469 1208 1504 148
1239 1480 1289 1511 sq.
1328 1471 1387 1503 Sic
1424 1470 1509 1502 infra
1542 1481 1575 1512 p.

930 1515 985 1550 33.
1013 1517 1051 1548 D.
1078 1515 1132 1550 36.
1164 1522 1202 1547 A.
1227 1514 1283 1551 40.
1317 1517 1355 1550 B.
1389 1516 1443 1552 34.
1471 1517 1511 1549 C.
1535 1517 1577 1548 D.

222 1561 417 1604 displiceat,
442 1571 472 1595 v,
504 1560 588 1592 infra
620 1570 652 1600 p.
682 1559 736 1595 20.
765 1560 802 1592 E.
830 1571 862 1602 p.

222 1609 278 1641 21.
306 1610 344 1639 A.
370 1607 450 1640 coll.
477 1606 642 1638 lacobs.
674 1606 716 1638 ad
745 1606 862 1648 Eurip.

224 1652 317 1686 Med.
344 1663 374 1688 v.
401 1653 479 1687 550.
505 1651 557 1684 ed.
584 1652 718 1693 Pflugk.

270 1701 340 1738 ἔτη
394 1696 582 1739 γεγονὼς
634 1698 764 1729 πλείω
799 1698 861 1738 ἑβ-

224 1743 496 1786 δομήκοντα]
524 1743 600 1776 Non
627 1753 712 1785 opus
738 1748 800 1780 est,
827 1748 863 1774 ut

226 1789 245 1831 ἢ
273 1795 352 1832 post
379 1790 476 1821 πλείω
507 1790 672 1828 addatur,
700 1789 742 1822 de
767 1790 863 1822 cuius

225 1836 412 1868 omissione
430 1846 458 1869 ν.
487 1836 520 1867 Μ
535 1834 635 1868 atth.
650 1835 711 1867 Gr.
732 1838 763 1876 ξ.
784 1835 861 1868 455.

223 1881 254 1915 4.
277 1882 399 1914 Rost.
417 1882 477 1912 Gr.
491 1891 524 1912 v.
542 1880 638 1915 97.9.
657 1892 747 1915 a.aa.
768 1882 861 1913 Ser-

225 1938 356 1959 ranus
404 1928 522 1959 vertit:
578 1937 710 1958 annos
773 1929 864 1969 plns

225 1974 462 2013 sexaginta
496 1977 641 2010 natus,
675 1978 713 2004 ut
744 1974 864 2005 videa-

225 2024 281 2051 tur
310 2020 410 2049 πλείω
437 2017 597 2057 ἑξήκοντα
619 2019 752 2058 legisse.
795 2018 866 2050 Nisi

225 2064 315 2096 forte
359 2065 445 2095 liunc
492 2073 668 2095 numerum
710 2063 752 2095 de
795 2066 868 2096 sola

226 2110 421 2143 coniectura
466 2110 598 2151 posuit,
639 2119 741 2150 quum
787 2111 870 2142 satis

227 2162 364 2188 constet
394 2156 498 2187 fuisse
514 2156 571 2196 qui
591 2154 770 2187 Socratem
794 2166 870 2188 nar-

226 2207 343 2234 rarent
353 2202 478 2234 obiisse
495 2204 768 2242 sexagenarium,
780 2206 871 2234 teste

228 2247 417 2280 Laertio
443 2247 494 2286 11,
518 2246 574 2281 4‘5.
607 2248 677 2279 Sed
695 2253 788 2280 recte
807 2248 872 2279 Fi-

230 2293 406 2325 scherus
442 2292 675 2333 ἑβδομήκοντα
714 2294 759 2325 ita
793 2299 867 2325 tne-

230 2344 301 2379 tur,
336 2344 371 2371 ut
405 2339 551 2372 conferri
583 2339 700 2371 iubeat
735 2339 866 2371 Criton.

225 2395 254 2416 c.
300 2387 349 2420 14.
389 2396 419 2427 p.
464 2384 519 2419 52.
559 2385 601 2417 E.
645 2385 865 2417 Maximum

223 2430 306 2470 Tyr.
334 2432 387 2466 39.
418 2442 448 2472 p.
474 2428 552 2463 412.
592 2435 626 2463 et
651 2430 789 2462 Laert.
817 2431 865 2462 11.

223 2475 279 2509 44.
318 2478 430 2518 ibique
456 2476 716 2518 Menagium.
753 2472 866 2510 ‘Avu-

225 2524 468 2562 ,S’aa'vuvhoc
480 2532 582 2554 sensu
599 2523 746 2563 positum
775 2522 870 2554 exin-

225 2569 268 2600 de
294 2568 529 2610 explicandum
557 2573 622 2605 est,
649 2567 739 2609 quod
762 2568 794 2600 in
820 2569 870 2600 lo-

224 2614 274 2644 cis
304 2614 429 2646 iudicio
457 2614 640 2646 destinatis
668 2614 743 2645 bina
776 2618 871 2646 erant

224 2665 387 2699 suggesta
418 2672 446 2692 s.
479 2658 643 2700 βήματα,
681 2660 711 2690 in
744 2660 868 2700 quibus

221 2710 320 2736 actor
346 2711 381 2738 et
393 2717 472 2739 reus
491 2715 653 2738 caussam
677 2715 772 2737 suam
792 2716 869 2748 per·

224 2755 359 2784 orantes
402 2752 639 2787 versabantur.
688 2761 718 2783 v.
749 2751 869 2785 Scho-

975 1582 1164 1625 ἆτεχνῶς
1197 1580 1271 1616 οὖν
1309 1585 1435 1620 Ξένως
1467 1585 1574 1624 ἔχω]

929 1630 987 1661 De
1012 1629 1076 1661 hoc
1103 1640 1163 1662 usn
1191 1642 1218 1661 v.
1244 1630 1390 1670 ἀτεχνῶς
1429 1630 1578 1662 diximus

931 1676 972 1708 ad
1009 1677 1085 1707 Ion.
1130 1687 1163 1718 p.
1203 1677 1281 1711 534.
1334 1677 1376 1708 E.
1427 1676 1579 1708 Genitivi

930 1723 1100 1754 rationem
1147 1725 1315 1756 illustrant
1362 1722 1506 1755 Matth.
1552 1722 1580 1763 §.

931 1768 1012 1802 337.
1029 1773 1063 1799 et
1079 1769 1141 1801 Ro
1154 1776 1201 1803 st.
1221 1782 1252 1811 p.
1266 1770 1404 1805 553.aa.
1423 1768 1475 1801 ed.
1491 1770 1523 1800 7.
1538 1787 1581 1790 —

932 1813 949 1855 ἡ
977 1814 1145 1847 ἐνθάδε
1170 1816 1414 1857 λέξις,ἕειιιιε
1441 1813 1574 1847 dicendi

932 1860 1103 1894 iudiciale.

979 1905 1112 1949 ὥςπερ
1143 1903 1218 1938 οὖν
1253 1907 1326 1945 ἄν,
1361 1907 1395 1938 εἰ
1425 1905 1490 1948 -]
1539 1905 1581 1937 In

934 1954 1059 1986 talibus
1076 1953 1117 1983 ἅν
1134 1953 1251 1985 referri
1285 1957 1423 1995 oportet
1439 1953 1480 1984 ad
1498 1964 1583 1995 apo-

939 1999 1056 2035 dosin,
1093 1999 1148 2030 ubi
1176 2009 1241 2030 non
1269 2000 1343 2031 sine
1370 2009 1492 2030 caussa
1519 2000 1584 2031 ite-

939 2049 1045 2076 ratur.
1095 2045 1143 2076 De
1192 2055 1260 2085 qua
1306 2045 1492 2076 iteratione
1539 2045 1583 2078 cf.

940 2091 1060 2122 Rost.
1090 2089 1118 2130 ξ,
1151 2090 1222 2124 120.
1251 2095 1319 2121 not.
1346 2090 1378 2122 4.
1410 2089 1584 2123 Quocirca

942 2137 1036 2169 locus
1062 2135 1108 2166 ita
1134 2136 1355 2177 accipiendus
1382 2140 1458 2175 est,
1490 2147 1530 2168 ac
1556 2136 1583 2168 si

942 2183 1107 2222 scriptum
1146 2187 1255 2214 esset:
1297 2181 1407 2221 ὥςπερ
1442 2177 1505 2214 οὖν
1543 2181 1586 2213 ἂν

942 2225 1217 2269 §weyt-fruianus
1234 2225 1470 2269 ὁήπουμόνοι,
1490 2229 1520 2260 εἰ
1540 2231 1585 2271 τῷ

944 2273 1021 2304 ὄντι
1047 2272 1134 2309 Ξένος
1159 2274 1185 2304 ἒ.
1212 2273 1266 2304 ὧν.
1296 2274 1445 2306 Ins-aluit
1468 2279 1585 2307 autem

939 2319 1022 2351 haec
1033 2319 1119 2350 ratio
1137 2320 1173 2350 in
1185 2318 1288 2361 ὥςπερ
1301 2319 1342 2350 ἂν
1357 2320 1384 2350 ρι’
1394 2319 1462 2353 κτλ.
1485 2320 1586 2361 adeo,

938 2370 974 2397 ut
999 2366 1248 2407 propemodum
1276 2369 1436 2400 constans
1467 2371 1502 2399 et
1536 2367 1587 2400 le-

939 2411 1057 2452 gitima
1085 2412 1139 2442 sit.

984 2480 1026 2508 ἐν
1052 2478 1193 2520 ἐκείνῃ
1221 2483 1267 2519 τῇ
1294 2483 1406 2521 φωνῇ
1433 2498 1474 2503 —
1502 2481 1587 2512 ἐτε-

943 2523 1175 2566 θράμμην]
1228 2525 1430 2567 lntelligitur
1471 2527 1587 2566 lingua

942 2570 1013 2602 sive
1039 2569 1205 2602 dialectus
1239 2572 1345 2612 patria
1388 2578 1421 2602 et
1453 2572 1587 2605 dicendi

942 2616 1031 2648 ratio
1058 2627 1075 2647 a
1102 2617 1179 2648 foro
1200 2617 1313 2649 Attico
1343 2618 1466 2649 aliena.
1492 2619 1588 2652 Qua-

947 2667 1047 2694 tenus
1072 2663 1262 2704 peregrinis
1291 2669 1395 2704 atque
1421 2665 1523 2696 sociis
1550 2665 1589 2696 li-

945 2709 1054 2740 cuerit
1121 2707 1263 2740 Athenis
1313 2719 1456 2741 canssas
1507 2720 1589 2741 suas

940 2754 1235 2796 agere,disputaut
1246 2754 1279 2787 M
1301 2755 1386 2788 eier
1421 2755 1588 2789 etSelit'i-
