1644 3039
230 132 438 174 LXVIII

322 248 436 289 phau
450 258 470 278 u
484 258 497 278 s
511 271 518 283 ‚
535 253 716 289 praeterea
731 247 887 279 additam
904 247 1010 278 habet
1026 248 1289 280 annotationem
1309 251 1466 282 criticam
1489 257 1594 293 atque

325 305 441 335 Ficini
468 305 807 345 interpretationem,
827 305 889 336 scd
913 314 989 336 eam
1014 309 1220 344 correctam,
1239 315 1349 347 neque
1375 317 1595 348 germanam,

326 363 376 393 ita
396 367 434 392 nt
453 362 498 393 ad
525 362 682 392 criticam
697 362 929 394 factitandam
955 371 1029 393 non
1054 361 1166 402 possit
1180 362 1351 394 adhiberi.
1401 365 1518 397 Habet
1542 371 1594 398 ta-

327 429 405 451 men
431 419 517 450 haec
543 419 651 449 editio
680 419 773 450 bona
790 430 853 451 sua
870 420 972 460 priva
995 424 1029 450 et
1046 419 1250 459 peculiaria.
1299 421 1439 453 Etenim
1465 423 1510 454 ad
1534 423 1598 455 ali-

328 481 413 517 quot
430 476 538 507 libros
555 477 712 507 continet
726 482 908 518 excerptas
945 477 1104 508 codicum
1118 477 1288 508 lectiones
1315 483 1419 510 antea
1443 481 1599 512 nondum

327 534 539 574 publicatas:
557 538 592 564 et
610 540 792 574 praeterea
803 539 1042 566 accesserunt:
1070 533 1369 574 Dialogorum
1385 535 1433 567 Pl
1447 538 1600 569 atonis

328 596 593 630 argument-a
636 592 847 632 exposita
879 597 917 623 et
955 591 1204 621 illustrata
1238 601 1259 622 a
1291 591 1406 624 Diet.
1440 593 1600 626 Tiede-

330 657 468 679 mann.
496 646 596 680 1786.
624 646 656 680 ὃ.

239 701 608 736 Ἰἀυι-Ιιηίιείαιιιι
664 705 754 736 Voll.
786 706 880 736 x111.
913 705 1007 746 Lips.
1035 704 1136 738 1313.
1164 715 1237 746 sqq.
1263 707 1406 746 prodiit,
1431 717 1601 749 expressa

330 761 390 792 illa
411 772 453 792 ex
471 762 816 797 recensioneHenr,
829 763 963 803 steph
976 763 1057 794 ani.
1101 762 1185 792 Tria
1202 763 1322 802 priora
1341 765 1520 796 volumina
1538 776 1597 797 cu-

330 819 422 849 ravit
448 818 546 852 Chr.
574 819 680 850 Dan.
711 819 835 851 Beck.
868 819 904 851 V.
932 819 997 859 CL,
1025 820 1084 860 qui
1111 818 1281 850 Graecam
1306 823 1500 853 orationem
1526 834 1593 864 ope

330 877 585 915 praesidiorum
617 877 818 907 criticorum
859 878 1057 908 emendavit
1090 882 1122 908 et
1154 877 1294 908 brevem
1327 879 1464 910 addidit
1496 885 1597 912 nota-

331 934 465 964 tionem
495 935 661 965 criticarn.
711 934 883 975 Reliquae
906 939 1023 976 partes
1040 935 1194 965 reddunt
1217 936 1412 967 orationem
1428 935 1599 969 Graecam

334 991 451 1022 talem.
482 991 619 1032 qualem
646 991 789 1022 exhibet
815 993 923 1024 editio
953 992 1157 1033 Bipontinu.

240 1045 271 1078 B
285 1044 412 1078 ekker
428 1046 504 1079 ian
520 1058 561 1087 a,
592 1048 706 1079 Berol.
726 1048 816 1083 1816
831 1049 911 1082 —18
942 1049 1044 1082 VIII.
1063 1047 1153 1083 Voll.
1172 1049 1194 1081 S
1230 1049 1356 1090 quibus
1380 1058 1604 1083 accesserunt

337 1104 669 1137 Commentaria
687 1106 866 1138 Critica.
888 1107 950 1138 Vol
975 1107 1023 1140 ΙΙ.
1040 1106 1145 1141 1823.
1162 1106 1194 1140 8.
1223 1107 1378 1138 Exhibet
1403 1108 1601 1140 orationem

336 1149 506 1193 Graecam
540 1164 731 1194 secundum
770 1165 929 1195 ordinem
969 1174 1111 1205 operum
1145 1163 1286 1195 Platon.
1320 1175 1340 1196 a
1373 1163 1603 1197 Schleier-

338 1219 545 1250 machero
575 1221 805 1252 constitutum
831 1223 875 1252 ad
899 1222 1002 1252 fidem
1027 1221 1257 1262 plurimorum
1283 1221 1455 1253 librorum
1479 1233 1603 1254 recens

336 1277 542 1307 collatorum
569 1277 840 1315 diligentissime
875 1284 908 1309 et
941 1279 1199 1319 sapientissime
1226 1279 1459 1311 emendatum.
1510 1278 1605 1311 Con-

337 1334 425 1364 tinet
447 1338 630 1374 praeterea
657 1335 979 1374 interp1·et.itionem
995 1335 1123 1374 Fieim,
1148 1337 1210 1367 sed
1236 1346 1312 1367 eam
1338 1346 1408 1367 non
1433 1341 1603 1369 mutatam

339 1396 372 1421 et
399 1391 665 1431 interpolatam,
700 1402 816 1423 verum
843 1402 885 1423 ex
911 1393 1167 1433 antiquissimis
1193 1393 1362 1434 exemplis
1389 1394 1540 1429 ductam,
1567 1400 1606 1423 ut

338 1448 467 1478 lrabeat
494 1458 591 1478 usum
619 1450 784 1480 criticum.
839 1450 1100 1481 Commentaria
1125 1451 1244 1481 critica
1260 1456 1401 1491 praeter
1425 1451 1605 1490 ingentem

336 1506 515 1535 variarum
553 1505 742 1536 lectionum
780 1507 918 1546 copiam
959 1507 1238 1547 complectuntur
1272 1508 1378 1538 etiam
1412 1506 1605 1538 Scholia

339 1561 507 1593 Graeca
523 1572 541 1592 a
559 1562 616 1593 Ru
629 1563 680 1593 hn
694 1562 742 1593 ke
754 1563 826 1593 nio
844 1564 949 1602 edita,
964 1564 1026 1594 sed
1042 1564 1187 1595 multum
1205 1569 1307 1595 aucta
1324 1569 1357 1595 et
1373 1564 1604 1605 locupletata.

387 1619 479 1650 ldem
505 1629 613 1660 prope
628 1620 825 1660 consilium,
845 1621 939 1660 quod
956 1620 984 1650 B
997 1621 1043 1652 ek
1059 1621 1210 1660 kerus,
1228 1631 1292 1652 nos
1320 1631 1460 1662 quoque
1485 1631 1605 1652 sumus

339 1677 450 1707 secuti
476 1677 510 1706 in
537 1687 577 1708 ea
606 1677 773 1715 editione,
802 1688 905 1717 quam
933 1676 1116 1720 Lipsiae
1133 1677 1331 1711 1821-26.
1358 1679 1451 1710 Voll.
1470 1677 1556 1710 XII.
1572 1678 1604 1711 8.

340 1734 559 1774 sujmtibus
593 1733 808 1775 We‘igelii
833 1734 1045 1774 paravimus.
1095 1734 1211 1773 Quum
1239 1735 1607 1783 enim-Weigelius

338 1791 569 1831 plurimorum
598 1791 756 1822 codicum
776 1792 958 1831 lectiones,
974 1802 994 1822 a
1008 1791 1162 1824 Bastio
1175 1821 1184 1836 ‚
1202 1794 1252 1824 de
1271 1793 1298 1824 F
1311 1793 1426 1832 uria,
1443 1792 1608 1823 Rudol-

340 1847 445 1888 pho,
461 1848 551 1887 aliis,
570 1853 752 1889 excerptas
779 1853 902 1879 nactus
929 1854 1034 1888 esset,
1049 1849 1105 1880 his
1133 1850 1244 1890 copiis
1270 1850 1319 1881 ita
1343 1850 1398 1880 usi
1424 1859 1554 1889 sumus,
1570 1854 1608 1880 ut

339 1903 511 1935 Graecam
543 1906 738 1937 orationem
763 1906 807 1936 ad
831 1906 1001 1936 librorum
1026 1907 1130 1937 fidem
1156 1908 1378 1948 exigeremus
1405 1912 1439 1937 et
1463 1907 1497 1937 in
1515 1916 1607 1938 com-

342 1962 525 1992 mentariis
551 1963 681 1993 criticis
711 1963 824 1993 varias
859 1963 1027 1994 lectiones
1053 1974 1173 1995 omnes
1200 1969 1329 2006 quanta
1354 1964 1506 1996 maxima
1531 1974 1607 1995 cum

344 2018 529 2058 diligentia
564 2029 845 2057 recenseremus,
885 2020 1006 2050 addita
1046 2021 1151 2051 etiam
1183 2022 1418 2061 explicatione
1450 2022 1608 2052 locorum

342 2076 593 2106 diffiviliorum.
643 2075 851 2116 Quanquam
883 2082 997 2108 autem
1028 2078 1188 2117 plurimis
1222 2078 1258 2108 in
1290 2078 1377 2109 locis
1404 2087 1481 2108 cum
1505 2077 1608 2108 Bek-

342 2133 447 2163 kero
474 2133 669 2164 faciendum
695 2133 772 2172 fuit,
792 2138 907 2164 tamen
927 2134 963 2164 in
981 2134 1129 2174 singulis
1157 2134 1365 2175 quibusdam
1388 2134 1488 2165 libris
1514 2134 1608 2166 haud

343 2200 455 2231 pauca
472 2191 576 2221 aliter
591 2195 696 2230 atque
712 2190 770 2222 ille
789 2191 1047 2223 constituimus.
1090 2191 1281 2222 Volumina
1297 2198 1375 2223 octo
1390 2192 1512 2233 priora
1526 2202 1608 2223 con-

345 2248 458 2278 tinent
473 2248 568 2288 ipsos
589 2247 699 2278 libros
717 2248 873 2279 Platonis
890 2257 1008 2279 omnes
1024 2258 1064 2279 ac
1080 2249 1268 2288 separatim
1287 2258 1426 2289 quoque
1443 2255 1608 2288 veneunt,

343 2306 405 2337 sed
430 2305 559 2336 chartis
586 2305 699 2336 minus
726 2305 919 2346 splendidis
936 2306 1122 2347 impressa:
1149 2310 1298 2346 quatuor
1324 2306 1524 2346 posteriora
1548 2306 1611 2337 ha-

345 2363 426 2394 bent
441 2363 597 2393 criticam
613 2363 878 2394 annotationem
894 2362 1000 2402 louge
1017 2363 1240 2401 uberrimam,
1258 2373 1322 2394 nec
1347 2368 1463 2395 tamen
1489 2363 1610 2394 diven-

345 2422 476 2452 duntnr
512 2420 578 2450 nisi
610 2430 680 2451 una
712 2429 789 2451 cum
825 2420 994 2460 exemplis
1027 2418 1184 2452 Graecae
1218 2421 1390 2452 orationis
1427 2420 1611 2461 splendide

345 2477 536 2517 impressis.

393 2533 532 2565 Novam
567 2535 759 2567 editionem
789 2534 1035 2565 universorum
1061 2534 1222 2566 Platonis
1256 2544 1400 2574 operum
1435 2534 1517 2566 fecit
1541 2534 1610 2566 Fr.

349 2592 527 2632 Astius,
549 2593 646 2623 cuius
679 2593 794 2634 operis
831 2591 1012 2631 inscriptio
1040 2591 1125 2622 haec
1151 2596 1221 2622 est:
1273 2589 1477 2622 Platonis
1502 2602 1611 2633 quae

346 2652 492 2680 extant
534 2659 677 2692 opera.
736 2648 970 2681 Accedunt
1003 2648 1210 2680 Platonis
1251 2658 1360 2687 quae
1394 2649 1611 2680 feruntur

348 2707 527 2745 scripta.
558 2706 614 2736 Ad
644 2706 912 2745 optimorum
943 2705 1164 2737 librorum
1203 2704 1341 2736 fidem
1366 2707 1610 2746 recensuit,
