<?xml version="1.0" encoding="UTF-8"?>
<!DOCTYPE html PUBLIC "-//W3C//DTD XHTML 1.0 Transitional//EN"
    "http://www.w3.org/TR/xhtml1/DTD/xhtml1-transitional.dtd">
<html xmlns="http://www.w3.org/1999/xhtml" xml:lang="en" lang="en">
 <head>
  <title>
</title>
<meta http-equiv="Content-Type" content="text/html;charset=utf-8" />
  <meta name='ocr-system' content='tesseract 3.04.00' />
  <meta name='ocr-capabilities' content='ocr_page ocr_carea ocr_par ocr_line ocrx_word'/>
</head>
<body>
  <div class='ocr_page' id='page_1' title='image "./n1operaomniarecens01platuoft/n1operaomniarecens01platuoft_0050.png"; bbox 0 0 1644 3039; ppageno 0'>
   <div class='ocr_carea' id='block_1_1' title="bbox 251 143 404 185">
    <p class='ocr_par' dir='ltr' id='par_1_1' title="bbox 251 143 404 185">
     <span class='ocr_line' id='line_1_1' title="bbox 251 143 404 185; baseline -0.013 0"><span class='ocrx_word' id='word_1_1' title='bbox 251 143 404 185; x_wconf 65' lang='lat' dir='ltr'>XMV</span> 
     </span>
    </p>
   </div>
   <div class='ocr_carea' id='block_1_2' title="bbox 250 253 1642 2747">
    <p class='ocr_par' dir='ltr' id='par_1_2' title="bbox 250 253 1642 2747">
     <span class='ocr_line' id='line_1_2' title="bbox 255 253 1596 310; baseline 0.001 -14"><span class='ocrx_word' id='word_1_2' title='bbox 255 264 394 296; x_wconf 81' lang='lat' dir='ltr'>autem</span> <span class='ocrx_word' id='word_1_3' title='bbox 427 264 469 295; x_wconf 86' lang='lat' dir='ltr'>et</span> <span class='ocrx_word' id='word_1_4' title='bbox 500 253 695 295; x_wconf 85' lang='lat' dir='ltr'>homines</span> <span class='ocrx_word' id='word_1_5' title='bbox 726 268 836 294; x_wconf 79' lang='lat' dir='ltr'>vana</span> <span class='ocrx_word' id='word_1_6' title='bbox 857 253 1093 308; x_wconf 85' lang='lat' dir='ltr'>sapientiae</span> <span class='ocrx_word' id='word_1_7' title='bbox 1119 254 1323 310; x_wconf 89' lang='lat' dir='ltr'>opinione</span> <span class='ocrx_word' id='word_1_8' title='bbox 1353 255 1492 296; x_wconf 86' lang='lat' dir='ltr'>inflati</span> <span class='ocrx_word' id='word_1_9' title='bbox 1522 265 1596 297; x_wconf 81' lang='lat' dir='ltr'>aut</span> 
     </span>
     <span class='ocr_line' id='line_1_3' title="bbox 253 309 1595 366; baseline 0.001 -14"><span class='ocrx_word' id='word_1_10' title='bbox 253 312 428 352; x_wconf 84' lang='lat' dir='ltr'>nimium</span> <span class='ocrx_word' id='word_1_11' title='bbox 451 310 632 366; x_wconf 81' lang='lat' dir='ltr'>argutiis</span> <span class='ocrx_word' id='word_1_12' title='bbox 664 310 753 351; x_wconf 85' lang='lat' dir='ltr'>suis</span> <span class='ocrx_word' id='word_1_13' title='bbox 774 309 909 351; x_wconf 81' lang='lat' dir='ltr'>dediti</span> <span class='ocrx_word' id='word_1_14' title='bbox 942 312 1097 352; x_wconf 87' lang='lat' dir='ltr'>erroris</span> <span class='ocrx_word' id='word_1_15' title='bbox 1127 311 1438 353; x_wconf 82' lang='lat' dir='ltr'>convincantur</span> <span class='ocrx_word' id='word_1_16' title='bbox 1468 319 1512 353; x_wconf 88' lang='lat' dir='ltr'>et</span> <span class='ocrx_word' id='word_1_17' title='bbox 1540 312 1595 354; x_wconf 90' lang='lat' dir='ltr'>ad</span> 
     </span>
     <span class='ocr_line' id='line_1_4' title="bbox 254 366 1595 425; baseline 0.001 -16"><span class='ocrx_word' id='word_1_18' title='bbox 254 369 521 425; x_wconf 83' lang='lat' dir='ltr'>ignorantiae</span> <span class='ocrx_word' id='word_1_19' title='bbox 585 367 902 408; x_wconf 83' lang='lat' dir='ltr'>confessionem</span> <span class='ocrx_word' id='word_1_20' title='bbox 953 366 1196 424; x_wconf 79' lang='lat' dir='ltr'>adigantur.</span> <span class='ocrx_word' id='word_1_21' title='bbox 1269 367 1400 421; x_wconf 77' lang='lat' dir='ltr'>Quod</span> <span class='ocrx_word' id='word_1_22' title='bbox 1450 375 1595 411; x_wconf 88' lang='lat' dir='ltr'>tamen</span> 
     </span>
     <span class='ocr_line' id='line_1_5' title="bbox 253 423 1597 481; baseline 0.001 -15"><span class='ocrx_word' id='word_1_23' title='bbox 253 425 526 467; x_wconf 78' lang='lat' dir='ltr'>callidissime</span> <span class='ocrx_word' id='word_1_24' title='bbox 557 424 645 464; x_wconf 87' lang='lat' dir='ltr'>fere</span> <span class='ocrx_word' id='word_1_25' title='bbox 677 424 735 464; x_wconf 85' lang='lat' dir='ltr'>ita</span> <span class='ocrx_word' id='word_1_26' title='bbox 764 423 1027 477; x_wconf 74' lang='lat' dir='ltr'>instituitur,</span> <span class='ocrx_word' id='word_1_27' title='bbox 1059 432 1105 465; x_wconf 88' lang='lat' dir='ltr'>ut</span> <span class='ocrx_word' id='word_1_28' title='bbox 1135 439 1275 465; x_wconf 90' lang='lat' dir='ltr'>rerum</span> <span class='ocrx_word' id='word_1_29' title='bbox 1304 426 1349 466; x_wconf 91' lang='lat' dir='ltr'>in</span> <span class='ocrx_word' id='word_1_30' title='bbox 1380 424 1597 481; x_wconf 79' lang='lat' dir='ltr'>discepta-</span> 
     </span>
     <span class='ocr_line' id='line_1_6' title="bbox 252 480 1594 536; baseline 0.001 -13"><span class='ocrx_word' id='word_1_31' title='bbox 252 483 413 523; x_wconf 80' lang='lat' dir='ltr'>tionem</span> <span class='ocrx_word' id='word_1_32' title='bbox 442 488 691 521; x_wconf 74' lang='lat' dir='ltr'>vocatarum</span> <span class='ocrx_word' id='word_1_33' title='bbox 722 495 823 521; x_wconf 79' lang='lat' dir='ltr'>vera</span> <span class='ocrx_word' id='word_1_34' title='bbox 843 480 954 521; x_wconf 86' lang='lat' dir='ltr'>ratio</span> <span class='ocrx_word' id='word_1_35' title='bbox 977 487 1182 535; x_wconf 78' lang='lat' dir='ltr'>tanquam</span> <span class='ocrx_word' id='word_1_36' title='bbox 1204 482 1316 523; x_wconf 85' lang='lat' dir='ltr'>notis</span> <span class='ocrx_word' id='word_1_37' title='bbox 1338 482 1594 536; x_wconf 86' lang='lat' dir='ltr'>quibusdam</span> 
     </span>
     <span class='ocr_line' id='line_1_7' title="bbox 253 536 1597 593; baseline 0.001 -14"><span class='ocrx_word' id='word_1_38' title='bbox 253 547 382 591; x_wconf 87' lang='lat' dir='ltr'>atque</span> <span class='ocrx_word' id='word_1_39' title='bbox 413 537 547 593; x_wconf 83' lang='lat' dir='ltr'>signis</span> <span class='ocrx_word' id='word_1_40' title='bbox 578 536 800 592; x_wconf 84' lang='lat' dir='ltr'>prodatur,</span> <span class='ocrx_word' id='word_1_41' title='bbox 831 537 937 592; x_wconf 89' lang='lat' dir='ltr'>ipsis</span> <span class='ocrx_word' id='word_1_42' title='bbox 966 538 1034 590; x_wconf 88' lang='lat' dir='ltr'>iis,</span> <span class='ocrx_word' id='word_1_43' title='bbox 1067 537 1322 590; x_wconf 83' lang='lat' dir='ltr'>quibuscum</span> <span class='ocrx_word' id='word_1_44' title='bbox 1353 553 1491 580; x_wconf 91' lang='lat' dir='ltr'>sermo</span> <span class='ocrx_word' id='word_1_45' title='bbox 1521 539 1597 580; x_wconf 88' lang='lat' dir='ltr'>ha-</span> 
     </span>
     <span class='ocr_line' id='line_1_8' title="bbox 252 593 1597 649; baseline 0.001 -13"><span class='ocrx_word' id='word_1_46' title='bbox 252 596 400 647; x_wconf 89' lang='lat' dir='ltr'>betur,</span> <span class='ocrx_word' id='word_1_47' title='bbox 432 595 683 647; x_wconf 78' lang='lat' dir='ltr'>plerumque</span> <span class='ocrx_word' id='word_1_48' title='bbox 723 593 767 635; x_wconf 89' lang='lat' dir='ltr'>id</span> <span class='ocrx_word' id='word_1_49' title='bbox 810 609 863 634; x_wconf 86' lang='lat' dir='ltr'>ne</span> <span class='ocrx_word' id='word_1_50' title='bbox 894 594 1179 636; x_wconf 73' lang='lat' dir='ltr'>sentientibus</span> <span class='ocrx_word' id='word_1_51' title='bbox 1211 593 1397 649; x_wconf 84' lang='lat' dir='ltr'>quidem.</span> <span class='ocrx_word' id='word_1_52' title='bbox 1456 595 1597 638; x_wconf 88' lang='lat' dir='ltr'>Nimi-</span> 
     </span>
     <span class='ocr_line' id='line_1_9' title="bbox 250 649 1596 708; baseline 0.001 -16"><span class='ocrx_word' id='word_1_53' title='bbox 250 667 344 692; x_wconf 89' lang='lat' dir='ltr'>rum</span> <span class='ocrx_word' id='word_1_54' title='bbox 383 652 465 692; x_wconf 81' lang='lat' dir='ltr'>ista</span> <span class='ocrx_word' id='word_1_55' title='bbox 506 651 671 692; x_wconf 90' lang='lat' dir='ltr'>ratione</span> <span class='ocrx_word' id='word_1_56' title='bbox 712 666 797 692; x_wconf 88' lang='lat' dir='ltr'>non</span> <span class='ocrx_word' id='word_1_57' title='bbox 836 649 963 691; x_wconf 89' lang='lat' dir='ltr'>modo</span> <span class='ocrx_word' id='word_1_58' title='bbox 1008 651 1147 692; x_wconf 86' lang='lat' dir='ltr'>facete</span> <span class='ocrx_word' id='word_1_59' title='bbox 1197 650 1483 706; x_wconf 78' lang='lat' dir='ltr'>deluduntur,</span> <span class='ocrx_word' id='word_1_60' title='bbox 1524 653 1596 708; x_wconf 92' lang='lat' dir='ltr'>qui</span> 
     </span>
     <span class='ocr_line' id='line_1_10' title="bbox 252 706 1595 764; baseline 0.002 -16"><span class='ocrx_word' id='word_1_61' title='bbox 252 722 410 764; x_wconf 78' lang='lat' dir='ltr'>pravae</span> <span class='ocrx_word' id='word_1_62' title='bbox 450 706 701 749; x_wconf 82' lang='lat' dir='ltr'>dialecticae</span> <span class='ocrx_word' id='word_1_63' title='bbox 739 714 783 748; x_wconf 85' lang='lat' dir='ltr'>et</span> <span class='ocrx_word' id='word_1_64' title='bbox 822 706 941 747; x_wconf 83' lang='lat' dir='ltr'>falsis</span> <span class='ocrx_word' id='word_1_65' title='bbox 993 708 1266 762; x_wconf 83' lang='lat' dir='ltr'>opinionibus</span> <span class='ocrx_word' id='word_1_66' title='bbox 1307 707 1442 750; x_wconf 83' lang='lat' dir='ltr'>dediti</span> <span class='ocrx_word' id='word_1_67' title='bbox 1481 718 1595 763; x_wconf 88' lang='lat' dir='ltr'>sunt,</span> 
     </span>
     <span class='ocr_line' id='line_1_11' title="bbox 254 762 1597 820; baseline 0.001 -14"><span class='ocrx_word' id='word_1_68' title='bbox 254 764 330 806; x_wconf 88' lang='lat' dir='ltr'>sed</span> <span class='ocrx_word' id='word_1_69' title='bbox 361 764 489 805; x_wconf 86' lang='lat' dir='ltr'>etiam</span> <span class='ocrx_word' id='word_1_70' title='bbox 523 763 748 805; x_wconf 84' lang='lat' dir='ltr'>dialectica</span> <span class='ocrx_word' id='word_1_71' title='bbox 780 762 1003 806; x_wconf 78' lang='lat' dir='ltr'>Socratica</span> <span class='ocrx_word' id='word_1_72' title='bbox 1032 764 1082 805; x_wconf 82' lang='lat' dir='ltr'>fit</span> <span class='ocrx_word' id='word_1_73' title='bbox 1121 764 1351 813; x_wconf 70' lang='lat' dir='ltr'>illustrior,</span> <span class='ocrx_word' id='word_1_74' title='bbox 1382 766 1597 820; x_wconf 86' lang='lat' dir='ltr'>siquidem</span> 
     </span>
     <span class='ocr_line' id='line_1_12' title="bbox 251 820 1598 878; baseline 0.002 -16"><span class='ocrx_word' id='word_1_75' title='bbox 251 821 446 878; x_wconf 85' lang='lat' dir='ltr'>legentes</span> <span class='ocrx_word' id='word_1_76' title='bbox 487 837 564 875; x_wconf 89' lang='lat' dir='ltr'>per</span> <span class='ocrx_word' id='word_1_77' title='bbox 604 836 695 862; x_wconf 87' lang='lat' dir='ltr'>eam</span> <span class='ocrx_word' id='word_1_78' title='bbox 737 827 849 862; x_wconf 89' lang='lat' dir='ltr'>tecte</span> <span class='ocrx_word' id='word_1_79' title='bbox 888 820 943 861; x_wconf 88' lang='lat' dir='ltr'>ad</span> <span class='ocrx_word' id='word_1_80' title='bbox 985 828 1147 862; x_wconf 85' lang='lat' dir='ltr'>rectam</span> <span class='ocrx_word' id='word_1_81' title='bbox 1173 822 1414 877; x_wconf 80' lang='lat' dir='ltr'>&#39;veramque</span> <span class='ocrx_word' id='word_1_82' title='bbox 1455 838 1598 864; x_wconf 83' lang='lat' dir='ltr'>rerum</span> 
     </span>
     <span class='ocr_line' id='line_1_13' title="bbox 252 876 1596 935; baseline 0.002 -17"><span class='ocrx_word' id='word_1_83' title='bbox 252 879 470 920; x_wconf 86' lang='lat' dir='ltr'>notionem</span> <span class='ocrx_word' id='word_1_84' title='bbox 500 876 801 919; x_wconf 70' lang='lat' dir='ltr'>inveniendam</span> <span class='ocrx_word' id='word_1_85' title='bbox 829 877 1116 918; x_wconf 87' lang='lat' dir='ltr'>instituuntur</span> <span class='ocrx_word' id='word_1_86' title='bbox 1145 878 1300 919; x_wconf 86' lang='lat' dir='ltr'>mentis</span> <span class='ocrx_word' id='word_1_87' title='bbox 1332 879 1596 935; x_wconf 82' lang='lat' dir='ltr'>cogitatione</span> 
     </span>
     <span class='ocr_line' id='line_1_14' title="bbox 253 934 1599 989; baseline 0.002 -13"><span class='ocrx_word' id='word_1_88' title='bbox 253 950 277 976; x_wconf 88' lang='lat' dir='ltr'>a</span> <span class='ocrx_word' id='word_1_89' title='bbox 307 936 435 977; x_wconf 86' lang='lat' dir='ltr'>rebus</span> <span class='ocrx_word' id='word_1_90' title='bbox 468 934 656 976; x_wconf 78' lang='lat' dir='ltr'>externis</span> <span class='ocrx_word' id='word_1_91' title='bbox 687 942 813 987; x_wconf 89' lang='lat' dir='ltr'>atque</span> <span class='ocrx_word' id='word_1_92' title='bbox 841 934 960 987; x_wconf 82' lang='lat' dir='ltr'>visis,</span> <span class='ocrx_word' id='word_1_93' title='bbox 981 935 1025 975; x_wconf 89' lang='lat' dir='ltr'>in</span> <span class='ocrx_word' id='word_1_94' title='bbox 1057 935 1215 989; x_wconf 89' lang='lat' dir='ltr'>quibus</span> <span class='ocrx_word' id='word_1_95' title='bbox 1246 935 1490 977; x_wconf 81' lang='lat' dir='ltr'>istiusmodi</span> <span class='ocrx_word' id='word_1_96' title='bbox 1521 936 1599 979; x_wconf 90' lang='lat' dir='ltr'>ho-</span> 
     </span>
     <span class='ocr_line' id='line_1_15' title="bbox 253 990 1597 1046; baseline 0.001 -14"><span class='ocrx_word' id='word_1_97' title='bbox 253 992 387 1033; x_wconf 84' lang='lat' dir='ltr'>mines</span> <span class='ocrx_word' id='word_1_98' title='bbox 436 991 607 1046; x_wconf 83' lang='lat' dir='ltr'>ipsique</span> <span class='ocrx_word' id='word_1_99' title='bbox 648 990 868 1046; x_wconf 84' lang='lat' dir='ltr'>sophistae</span> <span class='ocrx_word' id='word_1_100' title='bbox 905 991 993 1032; x_wconf 87' lang='lat' dir='ltr'>fere</span> <span class='ocrx_word' id='word_1_101' title='bbox 1032 991 1287 1045; x_wconf 77' lang='lat' dir='ltr'>haerebant,</span> <span class='ocrx_word' id='word_1_102' title='bbox 1331 991 1386 1033; x_wconf 86' lang='lat' dir='ltr'>ad</span> <span class='ocrx_word' id='word_1_103' title='bbox 1426 993 1597 1034; x_wconf 86' lang='lat' dir='ltr'>innatas</span> 
     </span>
     <span class='ocr_line' id='line_1_16' title="bbox 255 1047 1597 1103; baseline 0.001 -13"><span class='ocrx_word' id='word_1_104' title='bbox 255 1049 378 1102; x_wconf 88' lang='lat' dir='ltr'>quasi</span> <span class='ocrx_word' id='word_1_105' title='bbox 399 1049 550 1090; x_wconf 86' lang='lat' dir='ltr'>animis</span> <span class='ocrx_word' id='word_1_106' title='bbox 572 1063 713 1090; x_wconf 87' lang='lat' dir='ltr'>rerum</span> <span class='ocrx_word' id='word_1_107' title='bbox 735 1047 901 1103; x_wconf 88' lang='lat' dir='ltr'>species</span> <span class='ocrx_word' id='word_1_108' title='bbox 933 1054 976 1088; x_wconf 87' lang='lat' dir='ltr'>et</span> <span class='ocrx_word' id='word_1_109' title='bbox 1006 1063 1252 1090; x_wconf 86' lang='lat' dir='ltr'>communes</span> <span class='ocrx_word' id='word_1_110' title='bbox 1283 1049 1480 1091; x_wconf 87' lang='lat' dir='ltr'>notiones</span> <span class='ocrx_word' id='word_1_111' title='bbox 1511 1057 1597 1091; x_wconf 86' lang='lat' dir='ltr'>tra-</span> 
     </span>
     <span class='ocr_line' id='line_1_17' title="bbox 254 1103 1599 1162; baseline 0.002 -17"><span class='ocrx_word' id='word_1_112' title='bbox 254 1104 400 1148; x_wconf 78' lang='lat' dir='ltr'>ducta.</span> <span class='ocrx_word' id='word_1_113' title='bbox 472 1107 563 1147; x_wconf 88' lang='lat' dir='ltr'>Iam</span> <span class='ocrx_word' id='word_1_114' title='bbox 610 1118 713 1146; x_wconf 81' lang='lat' dir='ltr'>vero</span> <span class='ocrx_word' id='word_1_115' title='bbox 765 1103 882 1158; x_wconf 91' lang='lat' dir='ltr'>quod</span> <span class='ocrx_word' id='word_1_116' title='bbox 922 1103 977 1145; x_wconf 86' lang='lat' dir='ltr'>ad</span> <span class='ocrx_word' id='word_1_117' title='bbox 1021 1105 1106 1146; x_wconf 87' lang='lat' dir='ltr'>hoc</span> <span class='ocrx_word' id='word_1_118' title='bbox 1151 1121 1288 1160; x_wconf 88' lang='lat' dir='ltr'>genus</span> <span class='ocrx_word' id='word_1_119' title='bbox 1328 1105 1599 1162; x_wconf 78' lang='lat' dir='ltr'>dialogorum</span> 
     </span>
     <span class='ocr_line' id='line_1_18' title="bbox 253 1159 1599 1218; baseline 0.001 -15"><span class='ocrx_word' id='word_1_120' title='bbox 253 1162 382 1203; x_wconf 85' lang='lat' dir='ltr'>etiam</span> <span class='ocrx_word' id='word_1_121' title='bbox 422 1161 707 1218; x_wconf 85' lang='lat' dir='ltr'>Apologia</span> <span class='ocrx_word' id='word_1_122' title='bbox 748 1159 1004 1203; x_wconf 84' lang='lat' dir='ltr'>Socratis</span> <span class='ocrx_word' id='word_1_123' title='bbox 1044 1168 1172 1214; x_wconf 84' lang='lat' dir='ltr'>atque</span> <span class='ocrx_word' id='word_1_124' title='bbox 1203 1160 1364 1203; x_wconf 84' lang='lat' dir='ltr'>Crito</span> <span class='ocrx_word' id='word_1_125' title='bbox 1403 1178 1599 1205; x_wconf 85' lang='lat' dir='ltr'>accesse-</span> 
     </span>
     <span class='ocr_line' id='line_1_19' title="bbox 253 1217 1599 1272; baseline 0.001 -13"><span class='ocrx_word' id='word_1_126' title='bbox 253 1225 376 1271; x_wconf 83' lang='lat' dir='ltr'>runt,</span> <span class='ocrx_word' id='word_1_127' title='bbox 419 1233 529 1272; x_wconf 88' lang='lat' dir='ltr'>quae</span> <span class='ocrx_word' id='word_1_128' title='bbox 571 1232 704 1272; x_wconf 89' lang='lat' dir='ltr'>opera</span> <span class='ocrx_word' id='word_1_129' title='bbox 746 1233 834 1258; x_wconf 89' lang='lat' dir='ltr'>non</span> <span class='ocrx_word' id='word_1_130' title='bbox 871 1217 1006 1258; x_wconf 89' lang='lat' dir='ltr'>multo</span> <span class='ocrx_word' id='word_1_131' title='bbox 1049 1226 1149 1272; x_wconf 87' lang='lat' dir='ltr'>post</span> <span class='ocrx_word' id='word_1_132' title='bbox 1189 1218 1381 1260; x_wconf 86' lang='lat' dir='ltr'>Socratis</span> <span class='ocrx_word' id='word_1_133' title='bbox 1419 1230 1599 1261; x_wconf 87' lang='lat' dir='ltr'>mortem</span> 
     </span>
     <span class='ocr_line' id='line_1_20' title="bbox 254 1273 1598 1330; baseline 0.003 -15"><span class='ocrx_word' id='word_1_134' title='bbox 254 1274 456 1317; x_wconf 87' lang='lat' dir='ltr'>videntur</span> <span class='ocrx_word' id='word_1_135' title='bbox 492 1276 536 1316; x_wconf 90' lang='lat' dir='ltr'>in</span> <span class='ocrx_word' id='word_1_136' title='bbox 577 1275 719 1316; x_wconf 90' lang='lat' dir='ltr'>lucem</span> <span class='ocrx_word' id='word_1_137' title='bbox 769 1273 1006 1330; x_wconf 74' lang='lat' dir='ltr'>prodiisse,</span> <span class='ocrx_word' id='word_1_138' title='bbox 1048 1275 1210 1316; x_wconf 86' lang='lat' dir='ltr'>sistunt</span> <span class='ocrx_word' id='word_1_139' title='bbox 1252 1275 1297 1316; x_wconf 90' lang='lat' dir='ltr'>hi</span> <span class='ocrx_word' id='word_1_140' title='bbox 1336 1275 1434 1317; x_wconf 90' lang='lat' dir='ltr'>libri</span> <span class='ocrx_word' id='word_1_141' title='bbox 1474 1276 1598 1319; x_wconf 85' lang='lat' dir='ltr'>nobis</span> 
     </span>
     <span class='ocr_line' id='line_1_21' title="bbox 253 1330 1598 1389; baseline 0.001 -16"><span class='ocrx_word' id='word_1_142' title='bbox 253 1332 383 1374; x_wconf 82' lang='lat' dir='ltr'>etiam</span> <span class='ocrx_word' id='word_1_143' title='bbox 422 1334 565 1389; x_wconf 85' lang='lat' dir='ltr'>ipsum</span> <span class='ocrx_word' id='word_1_144' title='bbox 605 1330 832 1374; x_wconf 82' lang='lat' dir='ltr'>Socratem</span> <span class='ocrx_word' id='word_1_145' title='bbox 877 1338 1044 1372; x_wconf 84' lang='lat' dir='ltr'>tantum</span> <span class='ocrx_word' id='word_1_146' title='bbox 1084 1347 1170 1372; x_wconf 90' lang='lat' dir='ltr'>non</span> <span class='ocrx_word' id='word_1_147' title='bbox 1215 1331 1270 1372; x_wconf 90' lang='lat' dir='ltr'>ad</span> <span class='ocrx_word' id='word_1_148' title='bbox 1308 1332 1444 1388; x_wconf 89' lang='lat' dir='ltr'>ipsius</span> <span class='ocrx_word' id='word_1_149' title='bbox 1483 1333 1598 1374; x_wconf 88' lang='lat' dir='ltr'>vitae</span> 
     </span>
     <span class='ocr_line' id='line_1_22' title="bbox 253 1387 1602 1443; baseline 0.001 -14"><span class='ocrx_word' id='word_1_150' title='bbox 253 1389 479 1431; x_wconf 82' lang='lat' dir='ltr'>veritatem</span> <span class='ocrx_word' id='word_1_151' title='bbox 507 1387 806 1430; x_wconf 87' lang='lat' dir='ltr'>adumbratum</span> <span class='ocrx_word' id='word_1_152' title='bbox 837 1394 968 1442; x_wconf 89' lang='lat' dir='ltr'>atque</span> <span class='ocrx_word' id='word_1_153' title='bbox 999 1387 1276 1443; x_wconf 86' lang='lat' dir='ltr'>descriptum.</span> <span class='ocrx_word' id='word_1_154' title='bbox 1338 1389 1602 1431; x_wconf 82' lang='lat' dir='ltr'>Informatur</span> 
     </span>
     <span class='ocr_line' id='line_1_23' title="bbox 255 1444 1597 1500; baseline 0.001 -14"><span class='ocrx_word' id='word_1_155' title='bbox 255 1446 367 1488; x_wconf 89' lang='lat' dir='ltr'>enim</span> <span class='ocrx_word' id='word_1_156' title='bbox 388 1447 450 1488; x_wconf 84' lang='lat' dir='ltr'>ibi</span> <span class='ocrx_word' id='word_1_157' title='bbox 472 1445 543 1487; x_wconf 88' lang='lat' dir='ltr'>ille</span> <span class='ocrx_word' id='word_1_158' title='bbox 562 1445 677 1498; x_wconf 87' lang='lat' dir='ltr'>talis,</span> <span class='ocrx_word' id='word_1_159' title='bbox 700 1444 837 1499; x_wconf 84' lang='lat' dir='ltr'>qualis</span> <span class='ocrx_word' id='word_1_160' title='bbox 860 1445 905 1485; x_wconf 89' lang='lat' dir='ltr'>in</span> <span class='ocrx_word' id='word_1_161' title='bbox 927 1444 1010 1485; x_wconf 91' lang='lat' dir='ltr'>illis</span> <span class='ocrx_word' id='word_1_162' title='bbox 1043 1444 1227 1500; x_wconf 83' lang='lat' dir='ltr'>dialogis</span> <span class='ocrx_word' id='word_1_163' title='bbox 1248 1446 1334 1486; x_wconf 88' lang='lat' dir='ltr'>fere</span> <span class='ocrx_word' id='word_1_164' title='bbox 1357 1460 1451 1487; x_wconf 90' lang='lat' dir='ltr'>esse</span> <span class='ocrx_word' id='word_1_165' title='bbox 1472 1446 1597 1499; x_wconf 89' lang='lat' dir='ltr'>solet,</span> 
     </span>
     <span class='ocr_line' id='line_1_24' title="bbox 255 1500 1601 1559; baseline 0 -14"><span class='ocrx_word' id='word_1_166' title='bbox 255 1504 329 1556; x_wconf 85' lang='lat' dir='ltr'>qui</span> <span class='ocrx_word' id='word_1_167' title='bbox 367 1519 445 1559; x_wconf 88' lang='lat' dir='ltr'>per</span> <span class='ocrx_word' id='word_1_168' title='bbox 485 1509 620 1544; x_wconf 86' lang='lat' dir='ltr'>totam</span> <span class='ocrx_word' id='word_1_169' title='bbox 655 1501 788 1542; x_wconf 83' lang='lat' dir='ltr'>vitam</span> <span class='ocrx_word' id='word_1_170' title='bbox 827 1500 1046 1542; x_wconf 85' lang='lat' dir='ltr'>hominum</span> <span class='ocrx_word' id='word_1_171' title='bbox 1092 1516 1223 1555; x_wconf 90' lang='lat' dir='ltr'>quum</span> <span class='ocrx_word' id='word_1_172' title='bbox 1264 1502 1466 1556; x_wconf 89' lang='lat' dir='ltr'>aliorum,</span> <span class='ocrx_word' id='word_1_173' title='bbox 1508 1510 1601 1545; x_wconf 90' lang='lat' dir='ltr'>tum</span> 
     </span>
     <span class='ocr_line' id='line_1_25' title="bbox 254 1557 1602 1616; baseline 0.002 -17"><span class='ocrx_word' id='word_1_174' title='bbox 254 1560 462 1616; x_wconf 85' lang='lat' dir='ltr'>imprimis</span> <span class='ocrx_word' id='word_1_175' title='bbox 492 1559 682 1600; x_wconf 77' lang='lat' dir='ltr'>virorum</span> <span class='ocrx_word' id='word_1_176' title='bbox 713 1557 898 1598; x_wconf 84' lang='lat' dir='ltr'>civilium</span> <span class='ocrx_word' id='word_1_177' title='bbox 931 1564 974 1599; x_wconf 86' lang='lat' dir='ltr'>et</span> <span class='ocrx_word' id='word_1_178' title='bbox 1017 1557 1307 1612; x_wconf 87' lang='lat' dir='ltr'>sophistarum</span> <span class='ocrx_word' id='word_1_179' title='bbox 1339 1574 1527 1602; x_wconf 86' lang='lat' dir='ltr'>errrores</span> <span class='ocrx_word' id='word_1_180' title='bbox 1559 1567 1602 1601; x_wconf 86' lang='lat' dir='ltr'>et</span> 
     </span>
     <span class='ocr_line' id='line_1_26' title="bbox 254 1614 1642 1671; baseline 0.001 -14"><span class='ocrx_word' id='word_1_181' title='bbox 254 1631 388 1659; x_wconf 86' lang='lat' dir='ltr'>vanas</span> <span class='ocrx_word' id='word_1_182' title='bbox 421 1616 645 1671; x_wconf 87' lang='lat' dir='ltr'>opiniones</span> <span class='ocrx_word' id='word_1_183' title='bbox 674 1614 987 1664; x_wconf 78' lang='lat' dir='ltr'>confutaverit3</span> <span class='ocrx_word' id='word_1_184' title='bbox 1019 1615 1256 1667; x_wconf 88' lang='lat' dir='ltr'>scientiam,</span> <span class='ocrx_word' id='word_1_185' title='bbox 1282 1615 1365 1658; x_wconf 87' lang='lat' dir='ltr'>hoc</span> <span class='ocrx_word' id='word_1_186' title='bbox 1397 1622 1478 1671; x_wconf 90' lang='lat' dir='ltr'>est,</span> <span class='ocrx_word' id='word_1_187' title='bbox 1508 1631 1599 1658; x_wconf 90' lang='lat' dir='ltr'>cer-</span> <span class='ocrx_word' id='word_1_188' title='bbox 1637 1618 1642 1622; x_wconf 80' lang='grc'><em>“</em></span> 
     </span>
     <span class='ocr_line' id='line_1_27' title="bbox 254 1671 1601 1730; baseline 0.001 -17"><span class='ocrx_word' id='word_1_189' title='bbox 254 1683 320 1716; x_wconf 85' lang='lat' dir='ltr'>tas</span> <span class='ocrx_word' id='word_1_190' title='bbox 360 1674 691 1730; x_wconf 84' lang='lat' dir='ltr'>exploratasque</span> <span class='ocrx_word' id='word_1_191' title='bbox 729 1687 871 1712; x_wconf 90' lang='lat' dir='ltr'>rerum</span> <span class='ocrx_word' id='word_1_192' title='bbox 908 1671 1108 1712; x_wconf 91' lang='lat' dir='ltr'>notiones</span> <span class='ocrx_word' id='word_1_193' title='bbox 1149 1672 1455 1726; x_wconf 83' lang='lat' dir='ltr'>anquisiverit3</span> <span class='ocrx_word' id='word_1_194' title='bbox 1490 1673 1601 1715; x_wconf 89' lang='lat' dir='ltr'>veri-</span> 
     </span>
     <span class='ocr_line' id='line_1_28' title="bbox 255 1728 1600 1783; baseline 0 -12"><span class='ocrx_word' id='word_1_195' title='bbox 255 1736 388 1773; x_wconf 86' lang='lat' dir='ltr'>tatem</span> <span class='ocrx_word' id='word_1_196' title='bbox 427 1730 720 1783; x_wconf 82' lang='lat' dir='ltr'>virtutemque</span> <span class='ocrx_word' id='word_1_197' title='bbox 760 1728 921 1782; x_wconf 89' lang='lat' dir='ltr'>ubique</span> <span class='ocrx_word' id='word_1_198' title='bbox 966 1728 1122 1770; x_wconf 85' lang='lat' dir='ltr'>sectari</span> <span class='ocrx_word' id='word_1_199' title='bbox 1154 1730 1449 1780; x_wconf 83' lang='lat' dir='ltr'>consueverit3</span> <span class='ocrx_word' id='word_1_200' title='bbox 1479 1729 1600 1771; x_wconf 84' lang='lat' dir='ltr'>deni-</span> 
     </span>
     <span class='ocr_line' id='line_1_29' title="bbox 257 1784 1600 1842; baseline -0.001 -14"><span class='ocrx_word' id='word_1_201' title='bbox 257 1803 340 1842; x_wconf 91' lang='lat' dir='ltr'>que</span> <span class='ocrx_word' id='word_1_202' title='bbox 370 1787 463 1829; x_wconf 84' lang='lat' dir='ltr'>veri</span> <span class='ocrx_word' id='word_1_203' title='bbox 492 1787 686 1840; x_wconf 85' lang='lat' dir='ltr'>rectique</span> <span class='ocrx_word' id='word_1_204' title='bbox 717 1785 1024 1826; x_wconf 85' lang='lat' dir='ltr'>conscientiam</span> <span class='ocrx_word' id='word_1_205' title='bbox 1055 1792 1302 1840; x_wconf 86' lang='lat' dir='ltr'>certamque</span> <span class='ocrx_word' id='word_1_206' title='bbox 1323 1784 1375 1826; x_wconf 89' lang='lat' dir='ltr'>de</span> <span class='ocrx_word' id='word_1_207' title='bbox 1397 1801 1447 1827; x_wconf 92' lang='lat' dir='ltr'>eo</span> <span class='ocrx_word' id='word_1_208' title='bbox 1468 1787 1600 1828; x_wconf 90' lang='lat' dir='ltr'>animi</span> 
     </span>
     <span class='ocr_line' id='line_1_30' title="bbox 255 1842 1600 1900; baseline -0.001 -14"><span class='ocrx_word' id='word_1_209' title='bbox 255 1844 578 1900; x_wconf 86' lang='lat' dir='ltr'>persuasionem</span> <span class='ocrx_word' id='word_1_210' title='bbox 617 1850 823 1896; x_wconf 88' lang='lat' dir='ltr'>tanquam</span> <span class='ocrx_word' id='word_1_211' title='bbox 864 1842 1070 1897; x_wconf 88' lang='lat' dir='ltr'>optimam</span> <span class='ocrx_word' id='word_1_212' title='bbox 1097 1848 1213 1883; x_wconf 87' lang='lat' dir='ltr'>recte</span> <span class='ocrx_word' id='word_1_213' title='bbox 1244 1849 1286 1882; x_wconf 84' lang='lat' dir='ltr'>et</span> <span class='ocrx_word' id='word_1_214' title='bbox 1316 1857 1412 1884; x_wconf 88' lang='lat' dir='ltr'>cum</span> <span class='ocrx_word' id='word_1_215' title='bbox 1439 1843 1600 1884; x_wconf 85' lang='lat' dir='ltr'>virtute</span> 
     </span>
     <span class='ocr_line' id='line_1_31' title="bbox 253 1898 1600 1952; baseline -0.001 -11"><span class='ocrx_word' id='word_1_216' title='bbox 253 1900 430 1943; x_wconf 76' lang='lat' dir='ltr'>vivendi</span> <span class='ocrx_word' id='word_1_217' title='bbox 469 1899 621 1941; x_wconf 89' lang='lat' dir='ltr'>ducem</span> <span class='ocrx_word' id='word_1_218' title='bbox 660 1905 910 1940; x_wconf 87' lang='lat' dir='ltr'>constanter</span> <span class='ocrx_word' id='word_1_219' title='bbox 958 1905 1168 1952; x_wconf 89' lang='lat' dir='ltr'>sequutus</span> <span class='ocrx_word' id='word_1_220' title='bbox 1208 1898 1289 1952; x_wconf 84' lang='lat' dir='ltr'>sit,</span> <span class='ocrx_word' id='word_1_221' title='bbox 1330 1899 1392 1940; x_wconf 86' lang='lat' dir='ltr'>ita</span> <span class='ocrx_word' id='word_1_222' title='bbox 1427 1906 1475 1940; x_wconf 88' lang='lat' dir='ltr'>ut</span> <span class='ocrx_word' id='word_1_223' title='bbox 1514 1915 1600 1941; x_wconf 91' lang='lat' dir='ltr'>non</span> 
     </span>
     <span class='ocr_line' id='line_1_32' title="bbox 254 1954 1601 2003; baseline -0.001 -4"><span class='ocrx_word' id='word_1_224' title='bbox 254 1957 383 1999; x_wconf 87' lang='lat' dir='ltr'>modo</span> <span class='ocrx_word' id='word_1_225' title='bbox 413 1957 518 1998; x_wconf 91' lang='lat' dir='ltr'>boni</span> <span class='ocrx_word' id='word_1_226' title='bbox 548 1956 757 2003; x_wconf 76' lang='lat' dir='ltr'>hominis,</span> <span class='ocrx_word' id='word_1_227' title='bbox 791 1954 867 1996; x_wconf 90' lang='lat' dir='ltr'>sed</span> <span class='ocrx_word' id='word_1_228' title='bbox 909 1955 1036 1995; x_wconf 88' lang='lat' dir='ltr'>etiam</span> <span class='ocrx_word' id='word_1_229' title='bbox 1075 1954 1177 1996; x_wconf 89' lang='lat' dir='ltr'>boni</span> <span class='ocrx_word' id='word_1_230' title='bbox 1216 1955 1323 1996; x_wconf 86' lang='lat' dir='ltr'>civis</span> <span class='ocrx_word' id='word_1_231' title='bbox 1353 1971 1527 1997; x_wconf 88' lang='lat' dir='ltr'>munere</span> <span class='ocrx_word' id='word_1_232' title='bbox 1558 1962 1601 1997; x_wconf 88' lang='lat' dir='ltr'>et</span> 
     </span>
     <span class='ocr_line' id='line_1_33' title="bbox 257 2010 1598 2069; baseline -0.002 -13"><span class='ocrx_word' id='word_1_233' title='bbox 257 2014 403 2056; x_wconf 90' lang='lat' dir='ltr'>officio</span> <span class='ocrx_word' id='word_1_234' title='bbox 436 2013 627 2069; x_wconf 87' lang='lat' dir='ltr'>perfecto</span> <span class='ocrx_word' id='word_1_235' title='bbox 660 2011 889 2052; x_wconf 83' lang='lat' dir='ltr'>defunctus</span> <span class='ocrx_word' id='word_1_236' title='bbox 920 2025 1012 2052; x_wconf 86' lang='lat' dir='ltr'>esse</span> <span class='ocrx_word' id='word_1_237' title='bbox 1044 2010 1226 2052; x_wconf 83' lang='lat' dir='ltr'>iudicari</span> <span class='ocrx_word' id='word_1_238' title='bbox 1245 2010 1413 2053; x_wconf 87' lang='lat' dir='ltr'>debeat.</span> <span class='ocrx_word' id='word_1_239' title='bbox 1474 2011 1598 2065; x_wconf 80' lang='lat' dir='ltr'>Quae</span> 
     </span>
     <span class='ocr_line' id='line_1_34' title="bbox 258 2067 1599 2122; baseline -0.002 -9"><span class='ocrx_word' id='word_1_240' title='bbox 258 2078 372 2113; x_wconf 75' lang='lat' dir='ltr'>certe</span> <span class='ocrx_word' id='word_1_241' title='bbox 402 2086 525 2111; x_wconf 86' lang='lat' dir='ltr'>nemo</span> <span class='ocrx_word' id='word_1_242' title='bbox 556 2069 636 2110; x_wconf 87' lang='lat' dir='ltr'>erit</span> <span class='ocrx_word' id='word_1_243' title='bbox 674 2069 778 2122; x_wconf 86' lang='lat' dir='ltr'>quin</span> <span class='ocrx_word' id='word_1_244' title='bbox 809 2074 966 2122; x_wconf 91' lang='lat' dir='ltr'>sponte</span> <span class='ocrx_word' id='word_1_245' title='bbox 996 2067 1164 2120; x_wconf 78' lang='lat' dir='ltr'>videat,</span> <span class='ocrx_word' id='word_1_246' title='bbox 1197 2082 1323 2122; x_wconf 86' lang='lat' dir='ltr'>quam</span> <span class='ocrx_word' id='word_1_247' title='bbox 1357 2075 1472 2110; x_wconf 87' lang='lat' dir='ltr'>arcte</span> <span class='ocrx_word' id='word_1_248' title='bbox 1504 2084 1599 2110; x_wconf 89' lang='lat' dir='ltr'>cum</span> 
     </span>
     <span class='ocr_line' id='line_1_35' title="bbox 256 2124 1600 2185; baseline -0.001 -17"><span class='ocrx_word' id='word_1_249' title='bbox 256 2127 520 2185; x_wconf 83' lang='lat' dir='ltr'>argumentis</span> <span class='ocrx_word' id='word_1_250' title='bbox 561 2132 604 2166; x_wconf 85' lang='lat' dir='ltr'>et</span> <span class='ocrx_word' id='word_1_251' title='bbox 641 2125 833 2166; x_wconf 85' lang='lat' dir='ltr'>consiliis</span> <span class='ocrx_word' id='word_1_252' title='bbox 864 2125 1131 2180; x_wconf 77' lang='lat' dir='ltr'>superiorum</span> <span class='ocrx_word' id='word_1_253' title='bbox 1162 2124 1368 2166; x_wconf 85' lang='lat' dir='ltr'>librorum</span> <span class='ocrx_word' id='word_1_254' title='bbox 1397 2126 1600 2167; x_wconf 86' lang='lat' dir='ltr'>conveni-</span> 
     </span>
     <span class='ocr_line' id='line_1_36' title="bbox 258 2181 1600 2238; baseline -0.001 -12"><span class='ocrx_word' id='word_1_255' title='bbox 258 2194 357 2237; x_wconf 84' lang='lat' dir='ltr'>ant,</span> <span class='ocrx_word' id='word_1_256' title='bbox 392 2182 602 2238; x_wconf 88' lang='lat' dir='ltr'>siquidem</span> <span class='ocrx_word' id='word_1_257' title='bbox 633 2181 703 2222; x_wconf 90' lang='lat' dir='ltr'>ille</span> <span class='ocrx_word' id='word_1_258' title='bbox 731 2190 936 2235; x_wconf 87' lang='lat' dir='ltr'>tanquam</span> <span class='ocrx_word' id='word_1_259' title='bbox 967 2181 1160 2237; x_wconf 80' lang='lat' dir='ltr'>exemplo</span> <span class='ocrx_word' id='word_1_260' title='bbox 1193 2195 1271 2222; x_wconf 85' lang='lat' dir='ltr'>suo</span> <span class='ocrx_word' id='word_1_261' title='bbox 1304 2197 1454 2223; x_wconf 74' lang='lat' dir='ltr'>revera</span> <span class='ocrx_word' id='word_1_262' title='bbox 1485 2197 1600 2224; x_wconf 89' lang='lat' dir='ltr'>com-</span> 
     </span>
     <span class='ocr_line' id='line_1_37' title="bbox 257 2237 1598 2297; baseline -0.002 -14"><span class='ocrx_word' id='word_1_263' title='bbox 257 2242 464 2297; x_wconf 88' lang='lat' dir='ltr'>probasse</span> <span class='ocrx_word' id='word_1_264' title='bbox 514 2239 716 2295; x_wconf 86' lang='lat' dir='ltr'>fingitur,</span> <span class='ocrx_word' id='word_1_265' title='bbox 765 2252 875 2293; x_wconf 89' lang='lat' dir='ltr'>quae</span> <span class='ocrx_word' id='word_1_266' title='bbox 914 2238 957 2278; x_wconf 93' lang='lat' dir='ltr'>in</span> <span class='ocrx_word' id='word_1_267' title='bbox 998 2237 1081 2279; x_wconf 88' lang='lat' dir='ltr'>illis</span> <span class='ocrx_word' id='word_1_268' title='bbox 1122 2237 1344 2292; x_wconf 83' lang='lat' dir='ltr'>disputata</span> <span class='ocrx_word' id='word_1_269' title='bbox 1382 2239 1598 2295; x_wconf 88' lang='lat' dir='ltr'>leguntur.</span> 
     </span>
     <span class='ocr_line' id='line_1_38' title="bbox 260 2293 1599 2353; baseline -0.002 -13"><span class='ocrx_word' id='word_1_270' title='bbox 260 2298 374 2342; x_wconf 87' lang='lat' dir='ltr'>Sunt</span> <span class='ocrx_word' id='word_1_271' title='bbox 399 2298 531 2353; x_wconf 84' lang='lat' dir='ltr'>igitur</span> <span class='ocrx_word' id='word_1_272' title='bbox 562 2296 606 2336; x_wconf 90' lang='lat' dir='ltr'>hi</span> <span class='ocrx_word' id='word_1_273' title='bbox 636 2295 748 2347; x_wconf 90' lang='lat' dir='ltr'>libri,</span> <span class='ocrx_word' id='word_1_274' title='bbox 780 2302 830 2335; x_wconf 83' lang='lat' dir='ltr'>ut</span> <span class='ocrx_word' id='word_1_275' title='bbox 860 2293 1061 2345; x_wconf 80' lang='lat' dir='ltr'>diximus,</span> <span class='ocrx_word' id='word_1_276' title='bbox 1083 2293 1138 2334; x_wconf 85' lang='lat' dir='ltr'>ad</span> <span class='ocrx_word' id='word_1_277' title='bbox 1169 2310 1301 2336; x_wconf 90' lang='lat' dir='ltr'>unum</span> <span class='ocrx_word' id='word_1_278' title='bbox 1332 2311 1480 2337; x_wconf 89' lang='lat' dir='ltr'>omnes</span> <span class='ocrx_word' id='word_1_279' title='bbox 1498 2311 1599 2337; x_wconf 88' lang='lat' dir='ltr'>vere</span> 
     </span>
     <span class='ocr_line' id='line_1_39' title="bbox 258 2349 1597 2408; baseline -0.004 -10"><span class='ocrx_word' id='word_1_280' title='bbox 258 2354 484 2405; x_wconf 84' lang='lat' dir='ltr'>Socratici,</span> <span class='ocrx_word' id='word_1_281' title='bbox 512 2351 723 2408; x_wconf 88' lang='lat' dir='ltr'>siquidem</span> <span class='ocrx_word' id='word_1_282' title='bbox 755 2363 797 2392; x_wconf 87' lang='lat' dir='ltr'>et</span> <span class='ocrx_word' id='word_1_283' title='bbox 815 2349 1081 2392; x_wconf 83' lang='lat' dir='ltr'>Socraticam</span> <span class='ocrx_word' id='word_1_284' title='bbox 1104 2350 1344 2393; x_wconf 87' lang='lat' dir='ltr'>disserendi</span> <span class='ocrx_word' id='word_1_285' title='bbox 1373 2353 1597 2405; x_wconf 85' lang='lat' dir='ltr'>rationem,</span> 
     </span>
     <span class='ocr_line' id='line_1_40' title="bbox 258 2407 1598 2467; baseline -0.003 -14"><span class='ocrx_word' id='word_1_286' title='bbox 258 2427 416 2467; x_wconf 79' lang='lat' dir='ltr'>pravae</span> <span class='ocrx_word' id='word_1_287' title='bbox 440 2409 691 2452; x_wconf 85' lang='lat' dir='ltr'>dialecticae</span> <span class='ocrx_word' id='word_1_288' title='bbox 710 2407 1238 2464; x_wconf 80' lang='lat' dir='ltr'>oppositam,depingunt,</span> <span class='ocrx_word' id='word_1_289' title='bbox 1255 2415 1296 2449; x_wconf 89' lang='lat' dir='ltr'>et</span> <span class='ocrx_word' id='word_1_290' title='bbox 1317 2409 1470 2450; x_wconf 87' lang='lat' dir='ltr'>scien</span> <span class='ocrx_word' id='word_1_291' title='bbox 1486 2409 1598 2450; x_wconf 88' lang='lat' dir='ltr'>tiae</span> 
     </span>
     <span class='ocr_line' id='line_1_41' title="bbox 257 2464 1598 2520; baseline -0.004 -9"><span class='ocrx_word' id='word_1_292' title='bbox 257 2468 509 2512; x_wconf 81' lang='lat' dir='ltr'>Socraticae</span> <span class='ocrx_word' id='word_1_293' title='bbox 538 2466 624 2507; x_wconf 75' lang='lat' dir='ltr'>vim</span> <span class='ocrx_word' id='word_1_294' title='bbox 655 2466 698 2506; x_wconf 92' lang='lat' dir='ltr'>in</span> <span class='ocrx_word' id='word_1_295' title='bbox 725 2464 839 2505; x_wconf 85' lang='lat' dir='ltr'>omni</span> <span class='ocrx_word' id='word_1_296' title='bbox 863 2464 1198 2520; x_wconf 87' lang='lat' dir='ltr'>philosophandi</span> <span class='ocrx_word' id='word_1_297' title='bbox 1222 2479 1376 2520; x_wconf 85' lang='lat' dir='ltr'>genere</span> <span class='ocrx_word' id='word_1_298' title='bbox 1397 2465 1598 2506; x_wconf 82' lang='lat' dir='ltr'>maxime-</span> 
     </span>
     <span class='ocr_line' id='line_1_42' title="bbox 259 2520 1599 2580; baseline -0.002 -14"><span class='ocrx_word' id='word_1_299' title='bbox 259 2541 341 2580; x_wconf 89' lang='lat' dir='ltr'>que</span> <span class='ocrx_word' id='word_1_300' title='bbox 372 2526 415 2566; x_wconf 89' lang='lat' dir='ltr'>in</span> <span class='ocrx_word' id='word_1_301' title='bbox 446 2523 616 2565; x_wconf 86' lang='lat' dir='ltr'>virtutis</span> <span class='ocrx_word' id='word_1_302' title='bbox 646 2520 806 2563; x_wconf 91' lang='lat' dir='ltr'>iudicio</span> <span class='ocrx_word' id='word_1_303' title='bbox 837 2520 1059 2562; x_wconf 89' lang='lat' dir='ltr'>declarant</span> <span class='ocrx_word' id='word_1_304' title='bbox 1089 2537 1140 2563; x_wconf 89' lang='lat' dir='ltr'>ac</span> <span class='ocrx_word' id='word_1_305' title='bbox 1164 2521 1446 2577; x_wconf 80' lang='lat' dir='ltr'>patefaciunt.</span> <span class='ocrx_word' id='word_1_306' title='bbox 1502 2521 1599 2564; x_wconf 87' lang='lat' dir='ltr'>Nec</span> 
     </span>
     <span class='ocr_line' id='line_1_43' title="bbox 257 2578 1598 2636; baseline -0.002 -13"><span class='ocrx_word' id='word_1_307' title='bbox 257 2597 359 2624; x_wconf 80' lang='lat' dir='ltr'>vero</span> <span class='ocrx_word' id='word_1_308' title='bbox 391 2580 581 2636; x_wconf 88' lang='lat' dir='ltr'>Gorgias</span> <span class='ocrx_word' id='word_1_309' title='bbox 611 2579 664 2621; x_wconf 89' lang='lat' dir='ltr'>ab</span> <span class='ocrx_word' id='word_1_310' title='bbox 696 2578 777 2620; x_wconf 87' lang='lat' dir='ltr'>hoc</span> <span class='ocrx_word' id='word_1_311' title='bbox 807 2578 1062 2633; x_wconf 88' lang='lat' dir='ltr'>scriptorum</span> <span class='ocrx_word' id='word_1_312' title='bbox 1091 2578 1410 2620; x_wconf 88' lang='lat' dir='ltr'>Platonicorum</span> <span class='ocrx_word' id='word_1_313' title='bbox 1441 2592 1598 2635; x_wconf 84' lang='lat' dir='ltr'>genere</span> 
     </span>
     <span class='ocr_line' id='line_1_44' title="bbox 258 2634 1599 2694; baseline -0.002 -14"><span class='ocrx_word' id='word_1_314' title='bbox 258 2639 346 2680; x_wconf 91' lang='lat' dir='ltr'>ullo</span> <span class='ocrx_word' id='word_1_315' title='bbox 375 2637 504 2679; x_wconf 92' lang='lat' dir='ltr'>modo</span> <span class='ocrx_word' id='word_1_316' title='bbox 529 2634 823 2694; x_wconf 88' lang='lat' dir='ltr'>segregandus</span> <span class='ocrx_word' id='word_1_317' title='bbox 855 2641 935 2688; x_wconf 86' lang='lat' dir='ltr'>est,</span> <span class='ocrx_word' id='word_1_318' title='bbox 959 2635 1032 2690; x_wconf 92' lang='lat' dir='ltr'>qui</span> <span class='ocrx_word' id='word_1_319' title='bbox 1051 2644 1094 2676; x_wconf 91' lang='lat' dir='ltr'>et</span> <span class='ocrx_word' id='word_1_320' title='bbox 1112 2635 1204 2691; x_wconf 86' lang='lat' dir='ltr'>ipse</span> <span class='ocrx_word' id='word_1_321' title='bbox 1225 2650 1313 2677; x_wconf 89' lang='lat' dir='ltr'>non</span> <span class='ocrx_word' id='word_1_322' title='bbox 1334 2635 1469 2676; x_wconf 89' lang='lat' dir='ltr'>multo</span> <span class='ocrx_word' id='word_1_323' title='bbox 1498 2641 1599 2691; x_wconf 86' lang='lat' dir='ltr'>post</span> 
     </span>
     <span class='ocr_line' id='line_1_45' title="bbox 261 2691 1597 2747; baseline -0.002 -12"><span class='ocrx_word' id='word_1_324' title='bbox 261 2695 422 2737; x_wconf 86' lang='lat' dir='ltr'>obitum</span> <span class='ocrx_word' id='word_1_325' title='bbox 460 2693 651 2736; x_wconf 82' lang='lat' dir='ltr'>Socratis</span> <span class='ocrx_word' id='word_1_326' title='bbox 693 2691 863 2734; x_wconf 87' lang='lat' dir='ltr'>videtur</span> <span class='ocrx_word' id='word_1_327' title='bbox 894 2691 1079 2747; x_wconf 83' lang='lat' dir='ltr'>scriptus</span> <span class='ocrx_word' id='word_1_328' title='bbox 1114 2707 1206 2734; x_wconf 82' lang='lat' dir='ltr'>esse</span> <span class='ocrx_word' id='word_1_329' title='bbox 1239 2691 1437 2746; x_wconf 78' lang='lat' dir='ltr'>valetque</span> <span class='ocrx_word' id='word_1_330' title='bbox 1470 2692 1597 2733; x_wconf 84' lang='lat' dir='ltr'>etiam</span> 
     </span>
    </p>
   </div>
  </div>
 </body>
</html>
