1644 3039
505 985 992 1031 PRAEFATIO

733 1093 755 1121 ..κ
764 1090 791 1121 ι)

321 1178 1208 1243 ΟΗΙΤΟΝΕΜ.

91 1403 222 1478 Crito
255 1436 338 1478 fuit
367 1438 475 1481 civis
506 1438 805 1492 Atheniensis,
839 1438 912 1493 qui
939 1437 983 1478 in
1004 1435 1222 1493 Apologia
1249 1434 1446 1477 Socratis

88 1509 130 1549 p.
172 1494 238 1535 33.
286 1493 338 1535 E.
380 1502 562 1536 vocatur
600 1494 793 1538 Socratis
848 1494 1082 1545 ηλικιώτης
1119 1511 1191 1535 και
1236 1496 1446 1544 ὸημοτης.

88 1550 150 1592 Et
191 1550 415 1605 aequalem
457 1567 553 1593 eum
598 1551 793 1594 Socratis
832 1551 964 1593 fuisse
1011 1555 1195 1607 apparot
1235 1549 1363 1590 etiam
1396 1563 1448 1590 ex

91 1605 258 1649 Criton.
291 1623 333 1663 p.
365 1610 434 1649 49.
466 1610 521 1650 A.
582 1609 627 1651 Is
667 1625 799 1664 quum
841 1607 1011 1651 Socrati
1051 1609 1136 1649 iam
1174 1613 1342 1648 mature
1375 1621 1447 1647 ex-

89 1663 273 1707 stitisset
303 1665 737 1708 benevolentissimus
769 1672 813 1707 et
842 1665 1144 1718 amicissimus,
1176 1663 1345 1720 magnis
1376 1678 1449 1704 us-

90 1736 174 1776 que
211 1721 354 1777 ipsum
391 1722 624 1778 multisque
668 1722 861 1764 caritatis
902 1729 945 1763 et
986 1722 1143 1763 amoris
1175 1719 1448 1762 documentis

90 1779 313 1820 ornavisse
357 1785 578 1833 narratur,
624 1778 820 1834 adeoque
866 1779 1167 1820 liberalissime
1210 1777 1367 1832 opibus
1399 1791 1449 1817 ac

91 1834 272 1889 divitiis,
305 1850 412 1890 quas
443 1836 599 1878 multas
631 1835 902 1892 possidebat,
935 1836 1169 1887 adiuvisse,
1203 1849 1287 1889 quo
1319 1833 1449 1875 homo

92 1891 385 1947 pauperculus
416 1899 566 1948 posset
588 1908 742 1935 vacare
773 1894 1014 1948 sapientiae
1047 1891 1216 1942 studio3
1248 1908 1286 1932 v.
1321 1891 1449 1931 Dio-

92 1963 212 2004 gen.
243 1948 433 1990 Laert.
466 1949 526 1992 II.
560 1950 627 1992 20.
658 1952 726 1992 31.
763 1952 856 1991 105.
890 1952 983 1992 121.
1029 1947 1284 2004 Xenoph.
1315 1948 1449 1989 Mem.

93 2007 129 2048 l.
162 2006 212 2059 2,
245 2007 313 2049 48.
341 2005 402 2047 ΙΙ.
435 2008 473 2047 9,
507 2007 774 2049 Themist.
808 2008 889 2049 IV.
924 2024 965 2064 p.
1003 2009 1093 2048 110.
1158 2004 1367 2048 suidas
1406 2004 1451 2045 in

92 2080 134 2105 v.
167 2065 360 2118 Λρίτων.
420 2063 526 2105 Fuit
556 2064 670 2105 enim
692 2063 814 2106 Crito
845 2065 939 2120 ipse
969 2062 1273 2120 philosophiae
1305 2076 1451 2102 aman-

93 2119 311 2174 tissimus,
365 2120 581 2175 siquidem
630 2136 732 2163 vera
771 2128 919 2163 narrat
957 2121 1243 2176 Diogenes
1283 2119 1450 2160 Laer-

95 2176 234 2229 tius,
275 2177 349 2231 qui
388 2177 513 2220 Libr.
554 2178 616 2220 Π.
659 2180 752 2220 121.
801 2194 897 2220 eum
950 2177 1102 2220 scribit
1141 2175 1451 2232 septemdecim

98 2232 287 2274 edidisse
329 2232 526 2290 dialogos
570 2251 657 2277 uno
686 2236 905 2277 volumine
937 2233 1299 2289 comprehensos,
1343 2247 1452 2286 quo-

97 2304 191 2330 rum
229 2288 291 2331 ibi
327 2289 574 2332 referuntur
612 2299 881 2348 argumenta.
943 2291 1206 2345 Quanquam
1239 2288 1355 2345 apud
1386 2288 1452 2344 ip-

97 2361 191 2388 sum
221 2345 449 2388 Platonem
479 2347 581 2390 alibi
612 2349 868 2391 informatur
897 2350 958 2403 is,
1007 2348 1082 2403 qui
1112 2345 1453 2403 philosophandi

98 2402 338 2445 subtilitate
369 2403 621 2458 neutiquam
653 2406 858 2458 excellat3
900 2405 953 2447 de
1000 2420 1086 2460 qua
1116 2419 1162 2446 re
1194 2402 1452 2459 explicatius

98 2459 288 2502 diximus
333 2459 389 2501 ad
426 2459 751 2517 Euthydemum
791 2463 995 2519 Prolegg.
1027 2478 1069 2517 p.
1101 2462 1154 2502 45
1186 2475 1282 2514 sqq.
1327 2465 1368 2501 et
1400 2460 1453 2501 62

100 2532 194 2572 sqq.
254 2516 472 2559 Nimirum
504 2518 635 2559 animi
665 2519 828 2564 candor
857 2535 908 2562 ac
926 2519 1074 2560 nativa
1094 2517 1348 2573 simplicitas
1381 2531 1453 2558 su—

99 2573 266 2629 peravit
311 2574 356 2615 in
406 2573 523 2630 ipso..
574 2580 624 2616 ut
665 2575 857 2631 videtur,
905 2576 1110 2618 virtutem
1148 2573 1334 2631 ingenii3
1373 2588 1454 2615 nec

101 2645 204 2672 vero
237 2646 367 2686 opum
411 2646 462 2672 ac
492 2629 741 2674 divitiarum
773 2649 900 2687 cura,
943 2632 1012 2675 cui
1053 2630 1226 2673 deditus
1268 2634 1361 2672 erat
1391 2631 1452 2686 (v.

101 2685 365 2744 Euthydem.
408 2703 451 2743 p.
496 2689 593 2729 291.
633 2688 687 2730 Ε.
718 2690 815 2732 coll.
857 2688 1106 2745 Xenoph.
1148 2688 1283 2730 Mem.
1314 2686 1378 2728 11.
1411 2688 1453 2742 9,

107 2746 127 2785 1
159 2745 306 2799 sqq),
348 2760 446 2787 cum
487 2745 713 2788 subtiliore
760 2763 903 2789 rerum
942 2746 1142 2788 altiorum
1173 2744 1454 2787 meditatione

161 2822 248 2856 Plat.
272 2825 362 2867 ορρ.
392 2826 471 2859 νοι.
497 2825 522 2858 ι.
549 2825 589 2859 Ρ.
616 2826 645 2859 1.
1134 2814 1184 2855 12
