1644 3039
246 158 575 203 APOLOGIA
610 159 915 204 SOCRATIS
972 162 1019 203 P.
1064 164 1130 203 39.
1173 163 1236 206 St.
1364 167 1443 207 163

73 281 145 335 ἐμὲ
190 277 476 322 άπεκτόνατε.
547 281 627 322 νῦν
672 277 758 335 γάρ
812 282 945 323 τοῦτο
987 280 1199 338 εἴργασθε
1239 281 1440 338 ,οἰόμενοι

72 343 414 398 ἀπαλλάξεσθαι
468 347 549 389 τοῦ
594 345 766 389 διδόναι
810 349 982 403 ἔλεγχον
1030 349 1110 391 τοῦ
1143 350 1259 404 βίου.
1303 347 1354 393 τὸ
1391 352 1436 393 δὲ

71 411 176 469 ὑμῖν
211 412 323 456 πολὺ
344 417 563 457 ’ἐναντίον
585 411 874 468 ἀποβήσεται,
913 413 970 465 ὡς
997 414 1078 468 ἐγώ
1097 433 1223 474 φημι.
1259 419 1434 469 πλείους

71 483 250 525 ἔσονται
292 479 408 537 ὑμᾶς
457 484 498 524 οἱ
542 483 804 536 ἐλέγχοντες,
856 479 932 532 οὓς
978 484 1058 525 νῦν
1094 481 1173 536 ἐγώ
1213 492 1431 540 κατεῖχον,

70 546 192 604 ὑμεῖς
238 550 282 590 δὲ
332 546 412 591 οὐκ
455 546 743 608 ᾐσθάνεσθε·
793 551 866 592 καὶ
919 549 1218 606 χαλεπώτεροι
1258 555 1430 595 ἔσονται
1460 550 1504 592 D

70 613 160 670 ὅσῳ
197 613 398 671 νεώτεροί
432 620 524 666 εἰσι,
560 617 631 658 καὶ
666 613 786 670 ὑμεῖς
821 618 994 670 μᾶλλον
1017 616 1360 672 ἀγανακτήσετε.
1398 625 1433 663 εὶ

68 680 155 739 γὰρ
193 683 348 726 οἴεσθε
383 680 720 733 ἀποκτείνοντες
753 681 1032 738 ἀνθρώπους
1075 684 1319 740 ἐπισχήσειν
1351 689 1432 730 τοῦ

69 748 292 803 ὀνειδίζειν
336 748 434 792 τινὰ
480 748 610 805 ὑμῖν,
655 748 726 794 ὅτι
770 748 849 793 οὐκ
885 749 1042 806 ὀρθῶς
1086 753 1199 804 ζῆτε,
1236 752 1317 796 οὐκ
1354 753 1430 811 ὀρ-

70 818 170 868 θῶς
205 819 486 860 διανοεῖσθε·
522 815 576 860 οὐ
611 816 694 872 γάρ
726 817 820 860 ἐσθ’
861 815 976 871 αὕτη
1011 817 1035 871 ἡ
1064 818 1303 874 ἀπαλλαγὴ
1327 819 1427 864 οὔτε

70 882 185 927 πάνυ
221 881 387 936 δυνατὴ
425 880 524 927 οὔτε
562 883 686 937 καλή,
721 883 810 928 ἀλλ’
853 890 990 938 ἐκείνη
1021 889 1093 928 καὶ
1121 889 1329 940 καλλίστη
1355 892 1427 932 καὶ

69 949 234 1010 ῥᾴστη,
276 949 337 1008 μὴ
374 950 475 1002 τοὺς
509 948 672 1002 ἄλλους
705 951 925 1003 κολούειν,
962 952 1050 995 ἀλλ’
1093 950 1254 997 ἑαυτὸν
1289 972 1431 1012 παρα-

66 1130 99 1165 4.
125 1130 157 1165 6.
183 1130 263 1163 vat.
288 1129 385 1161 Flor.
412 1140 444 1170 g.
470 1129 501 1161 h.
527 1129 582 1170 qui
610 1135 725 1161 tamen
761 1131 881 1171 partim
910 1132 1076 1173 εἴργασθε
1101 1132 1131 1163 in
1158 1141 1264 1173 marg.
1292 1131 1425 1167 habent.

69 1177 228 1209 Aoi-istus
244 1176 373 1218 placuit
397 1175 645 1207 Turicensibus
672 1180 706 1208 et
732 1175 872 1209 Herm.
900 1177 987 1209 Post
1013 1176 1167 1217 οἰόμενοι
1196 1178 1337 1211 Herm.
1364 1179 1426 1217 μὲν

65 1223 208 1256 inseruit
232 1231 373 1254 narrans
398 1222 431 1253 in
445 1220 547 1254 Bodl.
574 1232 613 1260 με
635 1223 801 1264 scriptum
830 1228 977 1257 exstare.
1029 1225 1078 1257 De
1109 1233 1176 1266 quo
1201 1223 1278 1256 nihil
1304 1225 1424 1258 Gais-

65 1267 175 1303 ford.
202 1273 328 1300 narrat.

158 1315 198 1346 D.
249 1313 400 1346 οἴεσθε
445 1309 816 1355 ἀποκτείνοντες]
867 1314 988 1356 Steph.
1029 1311 1310 1358 ἀποκτείναντες,
1351 1317 1425 1350 sine

65 1360 222 1394 codicum
253 1360 432 1398 stiffi-nain,
462 1364 499 1391 ut
523 1359 666 1391 videtur.

156 1402 232 1438 οὐκ
266 1402 416 1447 ὀρθῶς
447 1403 737 1448 διανοεῖσθε]
766 1407 808 1439 V.
847 1402 888 1438 οὐ
916 1407 1025 1438 καλῶς
1059 1405 1106 1443 δ..
1142 1407 1235 1448 quod
1269 1419 1287 1441 e
1322 1408 1423 1441 Bodl.

63 1453 168 1485 Coisi.
213 1452 288 1484 Vat.
332 1452 420 1483 Ven.
463 1452 495 1483 b.
538 1451 639 1483 Vind.
678 1453 711 1486 1.
752 1452 784 1486 4.
826 1452 858 1486 6.
895 1451 989 1485 Fior.
1028 1464 1057 1485 a.
1092 1464 1120 1487 c.
1155 1453 1185 1488 d.
1221 1465 1253 1496 g.
1287 1453 1317 1486 h.
1351 1457 1425 1489 Par.

63 1497 272 1532 BCDHST.
303 1500 394 1539 Ang.
433 1502 566 1530 mutare
598 1508 664 1530 non
691 1498 852 1531 dubitavi.
902 1498 977 1530 Non
1010 1500 1096 1531 enim
1134 1500 1165 1530 vi
1205 1510 1265 1531 sua
1292 1505 1326 1533 et
1352 1501 1426 1533 effi-

63 1547 157 1578 cacia
194 1548 289 1577 caret
319 1543 402 1576 haec
432 1544 618 1576 verborum
653 1544 839 1577 eorundem
879 1545 1050 1587 repetitio.
1100 1545 1286 1587 Vulgatum
1315 1548 1424 1580 tenuit

64 1591 318 1679 Bekggrpdp
352 1631 457 1667 ἐσθ’
490 1633 618 1678 αὕτη]
669 1636 706 1670 V.
741 1634 837 1674 οὔτε,
870 1636 960 1678 quod
995 1647 1013 1668 e
1041 1636 1141 1671 Bodt.
1175 1636 1250 1668 Vat.
1279 1637 1362 1672 Ven.
1389 1639 1420 1673 b.

62 1683 165 1716 Vind.
191 1684 223 1718 1.
248 1684 282 1718 4.
308 1683 339 1717 6.
365 1682 460 1714 Fior.
486 1693 515 1719 a,
540 1693 572 1723 g.
601 1682 630 1714 h.
658 1683 737 1714 Par.
766 1682 866 1714 DST.
895 1688 930 1715 et
955 1692 1022 1715 ree.
1050 1682 1091 1714 B.
1116 1687 1320 1715 correctum.

153 1728 315 1762 ἑαυτὸν
347 1727 548 1770 omentum]
597 1728 641 1762 V.
667 1724 790 1765 αὐτόν,
824 1728 915 1769 quod
943 1739 984 1760 ex
1011 1728 1151 1771 optimis
1177 1728 1278 1763 codd.
1303 1740 1420 1763 emen-

61 1775 190 1810 datum.

774 1955 877 1995 stis,
911 1965 1015 1996 quum
1051 1965 1105 1986 me
1139 1956 1260 1997 capitis
1291 1956 1418 1989 conde-

61 1966 145 1990 nare
175 1962 210 1990 et
234 1957 396 2000 augurari
422 1955 562 1996 {futui-a,
601 1956 701 1988 etiam

774 2001 984 2035 mnaveritis.
1036 2000 1234 2034 Notandum
1271 2006 1325 2035 est
1357 2002 1419 2035 hoc

61 2014 81 2035 e
113 2003 332 2037 Cicerone
369 2006 504 2036 constat
536 2002 645 2035 Divin.
676 2001 700 2034 1.

59 2049 116 2084 30.
154 2049 210 2082 ubi
246 2060 278 2082 v.
309 2050 453 2091 interpp.
482 2049 572 2082 conf.
599 2048 703 2081 etiam

49 2094 237 2133 Phaedon.
265 2107 298 2145 p
321 2095 375 2130 84.
403 2095 442 2129 Ε.
463 2105 537 2137 sqq.
585 2095 704 2136 ltaque

60 2142 186 2174 verba:
211 2140 249 2174 ἐν
274 2154 300 2186 ῳ
325 2137 449 2182 μάλιστ’
480 2139 703 2196 χρησμῳδοῦ-

63 2196 118 2218 σιν
143 2176 354 2230 explicantur
371 2199 432 2231 per
457 2187 540 2220 ὅταν
559 2199 590 2228 μ.
617 2183 703 2219 ἀπο-

63 2232 277 2272 θανεῖσθαι,
313 2234 347 2266 in
379 2244 446 2277 quo
482 2244 581 2267 nemo
614 2234 705 2275 quis-

61 2288 186 2321 quam,
219 2279 282 2311 nisi
320 2281 374 2320 qui
410 2280 522 2321 pravis
564 2279 706 2319 argutiis

61 2325 306 2367 intempestive
333 2324 546 2366 delectetur,
573 2329 705 2358 temere

62 2370 227 2403 haerebit.
280 2370 406 2403 Haesit
449 2375 563 2404 tamen
609 2371 703 2404 Hir-

61 2416 282 2459 schigius,
311 2417 368 2458 qui
386 2416 470 2449 haec
484 2427 619 2458 quoque
644 2428 703 2450 ex-

60 2463 269 2497 terminavit.
320 2463 391 2495 Pro
435 2460 617 2505 ἄνθρωποι
647 2463 703 2504 qui

60 2505 247 2551 ἅνθρωποι
297 2509 514 2542 scribendum
559 2510 703 2549 censuit,

58 2564 158 2588 usum
177 2554 336 2597 loquendi
361 2555 543 2597 ignoravit,
570 2555 612 2588 de
637 2565 704 2597 quo

58 2600 102 2633 ad
129 2601 315 2642 Protagor.
342 2613 374 2644 p.
401 2600 480 2636 355.
508 2604 548 2633 Α.
577 2601 704 2643 Remp.

57 2648 102 2680 X.
112 2657 162 2700 p.
199 2647 277 2682 603.
303 2647 345 2680 C.
370 2648 448 2684 6.19
476 2647 516 2679 B·

106 2688 128 2733 ἢ
167 2693 264 2726 οἱάν
303 2692 375 2734 ε’με
417 2690 706 2734 α’πεκτόνατε]

57 2737 93 2770 h·
120 2751 152 2774 e.
184 2749 312 2781 quam
346 2751 425 2782 qua
458 2751 519 2773 me
554 2739 707 2772 affeci-

774 2048 938 2089 loquendi
996 2057 1125 2089 genuS‚
1177 2058 1195 2081 e
1241 2048 1418 2081 brevitatis

773 2093 890 2127 studio
918 2092 1119 2125 oriundum.
1153 2104 1218 2126 nec
1243 2105 1326 2127 vero
1353 2095 1418 2127 iam

774 2139 1015 2179 corrigendum
1043 2135 1062 2180 ἢ
1092 2134 1134 2170 δι’
1160 2140 1247 2172 οἵαν.
1270 2160 1313 2164 -
1342 2141 1419 2172 τοῦ

775 2183 949 2217 διδόναι
983 2186 1150 2227 ἔλεγχον
1182 2187 1258 2218 τοῦ
1290 2186 1417 2227 βίου,

775 2231 804 2266 h.
832 2243 861 2264 e.
897 2242 946 2264 ne
972 2232 1064 2263 vita
1097 2237 1243 2264 vestra
1276 2235 1418 2275 explo-

775 2282 918 2318 retur,
948 2287 1090 2318 eoque
1127 2277 1418 2320 reprehenda-

774 2328 855 2357 tur.
921 2323 1118 2364 Sequuntur
1163 2325 1253 2356 enim
1303 2325 1419 2358 verba:

774 2371 909 2407 πλείους
931 2366 995 2411 γὰρ
1014 2368 1148 2400 ἔσονται
1165 2366 1253 2410 ὑμᾶς
1274 2369 1311 2401 οἱ
1332 2369 1420 2413 ἐλέγ-

772 2424 897 2457 χοντες.
916 2416 1108 2447 Dictionem
1129 2413 1265 2448 διδόναι
1285 2416 1421 2459 ἔλεγχόν

774 2475 835 2494 τινι
855 2461 896 2493 ad
914 2462 1022 2502 Gorg.
1036 2471 1067 2502 p.
1082 2460 1163 2495 474.
1178 2462 1418 2496 B.etP11aedr.

774 2519 807 2552 p.
834 2507 912 2542 273.
940 2506 980 2538 C
1007 2507 1266 2542 illustravimus.

824 2599 862 2630 D.
915 2597 984 2629 καὶ
1016 2597 1334 2651 χαλεπώτεροι]
1367 2600 1420 2634 De

778 2645 907 2678 omisso
935 2641 1089 2687 τοσούτῳ
1118 2656 1146 2678 v.
1171 2647 1214 2678 ad
1241 2658 1274 2687 p.
1299 2646 1354 2681 30.
1378 2648 1417 2679 A.

777 2702 851 2733 cap.
880 2690 994 2722 XVII.
1019 2708 1063 2714 —
1111 2691 1197 2725 Mox
1222 2689 1418 2725 ἀποκτεί-

780 2745 925 2769 νοντες
973 2731 1244 2802 ἆνθριό*πους
1285 2743 1338 2773 est
1375 2749 1417 2773 eo

1050 2782 1135 2832 11*
