1644 3039
188 160 242 200 48
333 158 818 203 PROLEGOMENA
851 161 937 203 AD
972 160 1289 205 PLATONIS
1321 171 1402 205 etc.

280 278 443 315 arguunt,
474 275 677 315 Vossium
712 279 781 308 turn
815 276 948 317 quidem
980 276 1088 308 fuisse
1119 277 1269 309 criticum
1305 283 1339 309 et
1364 287 1534 319 gramma-

281 331 382 363 ticum
410 331 450 363 ad
477 330 686 364 Fisclieri
714 333 871 365 virtutem
900 335 992 365 nullo
1009 333 1112 366 modo
1129 335 1408 376 comparandum.
1440 335 1536 368 Qua-

281 394 422 430 propter
450 390 569 421 melius
596 389 712 430 utique
737 389 846 422 fuerat
874 390 1043 428 futurum.
1079 391 1105 422 si
1141 392 1208 422 ista
1236 391 1345 423 omnia
1372 396 1537 433 perpetua

280 447 415 488 sepulta
441 445 645 477 mansissent
669 446 855 487 oblivione3
881 452 959 478 sunt
985 448 1073 479 enim
1101 447 1224 478 nullius
1250 448 1360 489 pretii.

193 503 384 535 Platonis
432 501 615 541 Laches,
665 502 940 545 Euthyphm,
982 505 1201 546 Apologia
1249 505 1449 536 Socratis
1497 510 1538 537 et

281 560 554 592 Menexenus,
607 559 669 591 Ed.
698 560 982 601 Eugelhardt.
1035 561 1183 593 Berolin.
1211 561 1310 595 1826.
1336 561 1368 595 8.
1424 561 1536 593 Editio

279 618 395 649 multis
423 617 613 648 nominibus
643 619 941 659 commendabilis,
977 619 1123 651 maxime
1150 624 1320 660 occupata
1344 619 1375 650 in
1401 618 1534 661 discep-

278 674 389 706 tandis
415 673 515 706 rebus
540 675 778 715 grammaticis.

189 731 375 763 Platoris
421 731 769 773 Vertlneidigung
813 732 890 765 des
932 733 1164 765 Socrates
1225 731 1425 764 Griecliiscli
1468 731 1535 764 und

278 788 419 821 <leutsch
445 789 506 821 mit
531 787 714 820 kritischen
741 789 808 821 und
835 790 1059 822 erklta'renden
1089 790 1363 829 Anmerkungen.
1414 789 1536 831 Leipz.

278 846 310 880 b.
338 846 558 888 Engelmann.
585 845 684 880 1846.
713 846 745 880 8.
773 848 852 881 min.
879 852 914 879 et
940 847 1020 881 edit.
1047 847 1079 881 2.
1106 846 1184 878 ibid.
1213 846 1311 881 1850.
1337 846 1368 880 8·

188 903 379 936 Platona
414 902 701 944 Euthyphron
733 914 765 935 u.
801 904 964 938 Kriton.
1017 903 1215 936 Grieclxiscli
1249 913 1280 935 u.
1307 902 1451 935 deutscli
1477 903 1538 934 mit

276 959 457 993 kritiscben
490 960 557 991 und
593 961 816 993 erkliirenden
852 963 1128 1003 Anmerkungen.
1188 962 1245 995 2te
1280 963 1386 1002 Ausg.
1436 959 1537 1002 1850,

276 1018 363 1049 Ibid.
413 1018 668 1050 Animadverss.
703 1017 754 1050 liic
788 1023 821 1051 et
852 1019 920 1051 illic
952 1018 1077 1061 aliquid
1103 1018 1145 1050 ad
1171 1019 1322 1050 criticam
1352 1022 1387 1049 et
1412 1027 1538 1059 exege-

277 1075 376 1107 ticam
403 1075 560 1107 afferunt.

188 1132 400 1167 Platonis
427 1132 651 1173 Apologia
677 1133 799 1164 socr.
823 1133 948 1165 Crito
976 1137 1018 1165 et
1040 1132 1233 1165 Phaedo.
1262 1130 1406 1164 Accedit
1424 1140 1537 1162 emen-

277 1189 423 1222 dationis
439 1190 613 1230 specimen
630 1189 662 1220 in
685 1190 851 1221 nonnuliis
872 1191 1082 1230 reliquorum
1102 1191 1314 1231 dialogorum
1336 1187 1442 1227 (si‹=!).
1467 1187 1538 1218 edi-

275 1248 326 1279 dit
354 1247 395 1279 R.
424 1246 461 1278 Β.
491 1246 713 1289 Hirscliig.
762 1246 912 1279 Traiecti
946 1246 987 1278 ad
1016 1246 1124 1281 Rhea.
1151 1258 1204 1288 ap.
1231 1246 1373 1278 Kemink
1403 1250 1538 1287 typogr.

275 1303 378 1340 1853.
403 1303 438 1338 8.
488 1303 612 1335 Editor
644 1304 754 1336 severi
787 1304 893 1336 critici
925 1304 1080 1346 partibus
1106 1304 1277 1345 susceptis
1303 1304 1333 1334 iu
1359 1302 1537 1334 Platonem

275 1371 371 1393 suum
409 1362 537 1403 passim
571 1362 662 1393 iusto
692 1361 826 1393 saevius
862 1365 914 1393 est
938 1365 1136 1402 grassatus,
1168 1362 1295 1402 quippe
1326 1360 1380 1401 qui
1414 1359 1538 1400 ubique.

275 1419 391 1460 inepta
423 1418 590 1450 odoratus
629 1419 673 1450 sit
712 1419 924 1460 glossemata
964 1421 998 1449 et
1034 1419 1161 1449 multos
1199 1419 1295 1449 locos
1333 1417 1431 1448 nimia
1467 1415 1538 1447 sere

277 1475 419 1508 audacia
458 1476 630 1514 corrigere
676 1486 716 1507 ac
762 1476 928 1515 refingere
974 1475 1154 1508 studuerit.
1214 1474 1349 1509 Quibus
1386 1472 1538 1504 consiliis

276 1533 382 1575 ipsius
408 1532 438 1563 in
465 1533 721 1565 commentariis
746 1533 872 1564 nostris
899 1533 1097 1572 plerumque
1123 1531 1292 1564 adversati
1317 1540 1461 1568 sumtis,
1495 1539 1537 1561 ex

273 1591 396 1632 quibus
431 1589 528 1622 facile
560 1591 788 1631 intelligetur,
821 1590 1022 1631 quibusnam
1055 1588 1110 1620 ille
1141 1588 1174 1619 in
1200 1587 1327 1620 Critica
1354 1585 1538 1618 {actitanda

277 1648 401 1680 ductus
427 1648 470 1678 sit
494 1648 691 1679 rationibus.

185 1707 375 1739 Platons
403 1705 625 1746 Apologia
658 1704 733 1735 des
758 1704 969 1736 Sokrates
993 1712 1025 1734 u.
1054 1702 1224 1734 Kriton.
1271 1700 1337 1732 Mit
1362 1701 1538 1732 erkl'a'ren-

277 1763 341 1794 den
375 1763 640 1802 Anmerkungen
672 1761 726 1793 scir
758 1760 822 1793 den
856 1759 1141 1802 Seliulgebrauch
1172 1769 1238 1792 von
1272 1759 1312 1790 A.
1346 1757 1536 1798 Ludwig.

276 1820 371 1852 Wien
396 1820 428 1851 b.
456 1818 600 1851 Gerold.
649 1818 750 1853 1856.
797 1817 830 1852 8.

184 1878 367 1911 Platons
401 1874 894 1917 Vertlieidigungsrede
935 1873 1010 1906 des
1047 1872 1263 1906 Socrates
1303 1871 1536 1906 u.1<riton.

277 1934 347 1965 Fiir
373 1932 439 1964 den
469 1932 749 1973 Seliulgebraucli
776 1932 906 1964 erkl'art
932 1941 962 1962 v,
990 1929 1217 1962 Christian
1244 1931 1372 1963 Kron.
1421 1929 1536 1969 Leipz.

274 1990 374 2025 1857.
400 1990 432 2021 b.
458 1989 630 2022 Teubner.
681 1990 836 2030 Utraque
873 1987 977 2020 editio
1007 1987 1178 2018 tironibus
1205 1987 1375 2019 destinata
1403 1986 1537 2017 notulas

275 2047 459 2080 maximam
495 2052 625 2089 partem
659 2045 906 2087 grammaticas
946 2053 1073 2084 easque
1105 2043 1136 2075 in
1171 2044 1308 2076 brevius
1342 2046 1536 2075 contractas

274 2104 394 2143 habet,
421 2102 576 2147 {laudatis
610 2103 735 2145 passim
769 2102 861 2134 libris
897 2100 1129 2142 grammaticis
1161 2099 1213 2132 liic
1239 2104 1273 2132 et
1299 2100 1366 2131 illic
1391 2099 1535 2131 usitatis.

185 2163 372 2195 Praeterea
411 2159 453 2192 de
492 2164 638 2201 utroque
675 2158 831 2192 Platonis
862 2167 967 2199 opere
999 2157 1201 2189 consulendi
1235 2161 1314 2188 sunt
1347 2155 1386 2190 C.
1422 2155 1535 2189 Frid.

278 2218 409 2251 Herm
424 2227 513 2251 ann.
562 2216 772 2249 Geschichte
803 2214 835 2249 d.
863 2215 998 2246 Platon.
1029 2213 1227 2251 Philosoph.
1252 2214 1280 2245 Ι.
1306 2224 1339 2256 p.
1363 2211 1433 2247 468
1461 2222 1535 2253 sqq.

276 2276 329 2308 Ca
342 2286 368 2310 r.
396 2273 622 2307 Steinliart
655 2273 685 2305 in
711 2273 936 2315 Interpretat.
962 2271 1051 2314 Opp.
1079 2271 1216 2305 Platon.
1243 2271 1364 2303 Germ.
1394 2269 1535 2302 Hieron.

277 2333 413 2366 Miilleri
440 2332 522 2364 Vol.
551 2331 590 2364 ll.
616 2342 649 2373 p.
672 2330 740 2365 233
766 2340 838 2371 sqq.
866 2329 934 2363 280
962 2339 1035 2370 sqq.
1062 2329 1127 2362 291
1154 2339 1227 2369 sqq.
1251 2328 1319 2362 322
1343 2337 1418 2368 sqq.
1444 2326 1535 2358 Fri-

276 2390 362 2424 der.
406 2388 795 2421 Schleiermacher.
849 2387 989 2418 Platons
1025 2385 1150 2419 Werke
1180 2386 1261 2419 Vol.
1294 2385 1320 2419 1.
1354 2384 1394 2416 P.
1426 2383 1467 2416 ll.
1501 2393 1534 2425 p.

276 2446 341 2482 181
369 2458 442 2489 sqq.
469 2452 502 2479 et
528 2456 560 2488 p.
584 2445 649 2479 231
676 2456 749 2487 sqq.
775 2444 828 2476 ed.
856 2454 925 2475 sec.
