1644 3039
139 164 470 210 APOLOGIA
503 162 826 208 SOCRATIS.
868 164 916 207 P.
955 165 1021 205 38.
1064 164 1129 206 39.
1174 163 1238 206 St.
1310 165 1380 206 161

42 284 128 330 οὔτ
172 289 219 327 ἐν
255 286 427 340 πολέμῳ
466 281 551 327 οὔτ’
595 285 666 337 ἐμὲ
705 279 790 325 οὔτ’
833 282 972 325 α’2λον
1010 281 1167 324 οὑὺἑνα
1207 284 1269 324 δεῖ
1299 284 1400 324 ‘cofi-

40 369 91 395 το
125 352 444 408 μηχανᾶσθαι,
489 349 608 400 ὅπως
653 347 856 407 ἀποᾳεύ
842 350 953 391 ἱἐιάι
1002 351 1093 391 πᾶν
1131 350 1269 390 ποιῶν
1307 348 1400 391 θοὶ-
1432 347 1486 389 39

40 436 193 462 ναῖον.
228 421 301 461 καὶ
338 435 426 474 γαρ
463 424 508 460 ὲν
541 426 637 467 ταῖς
657 414 857 471 ,uoigmgs
848 415 1059 466 πο2λεέκις
1094 417 1227 468 δῆλον
1263 420 1401 471 γίγνε-

40 504 136 535 ται,
181 483 252 529 ὅτι
301 483 351 528 τό
387 503 433 540 γε
469 484 727 527 ἀποθανεῖν
761 481 873 540 ῥᾷον
918 482 975 525 ἄν
1013 500 1075 533 τις
1112 480 1292 540 ὲκᾳύγοι
1328 487 1401 525 καὶ

40 551 157 597 ὅπλα
194 552 324 611 ἀφεὶς
359 556 431 595 καὶ
466 551 527 610 ἐφ’
569 555 754 594 ἱκετείαν
793 550 1068 604 τραπόμενος
1100 553 1184 592 τῶν
1221 550 1399 593 ὄιωκόν-

39 634 153 663 των·
209 622 281 662 καὶ
324 617 457 662 ἄλλαι
502 636 693 675 μηχαναι
743 621 902 659 πολλαί
951 622 1058 659 εἰσιν
1106 623 1151 660 ὲν
1200 617 1400 667 ἑκάστοις

40 696 136 738 τοῖς
169 686 401 737 κινδύνοις,
438 684 543 736 dign
581 686 831 742 διαφεύγειν
858 684 1081 734 θάνατον,
1117 683 1195 726 triv
1217 702 1280 734 τις
1301 688 1401 728 τολ-

38 757 104 810 μᾷ
144 756 236 796 πᾶν
272 763 414 796 ποιεῖν
449 756 520 796 καὶ
557 757 705 808 heym.
745 751 858 794 cmc&
896 770 955 806 μη
1007 751 1057 795 οὐ
1095 750 1209 793 τοῦτ’
1261 746 1285 812 ἦ
1319 770 1400 808 χα-

40 819 188 871 2επόν,
224 814 255 862 ὦ
295 819 467 877 ἄνδρες,
506 819 716 863 θάνατον
753 825 877 878 ὲκιμι]
883 828 976 868 εῖν,
1023 816 1137 860 ἄλλα
1177 819 1289 862 πολὺ
1318 837 1400 876 χα-

39 888 288 944 λεπώτερον
325 888 570 943 πονηριΜαν

40 958 124 999 νῦν
160 954 239 1009 ἐγω
275 957 357 1010 μὲν
392 953 470 998 ἅτε
505 954 673 1011 βοαὸυς
709 952 769 996 ὢν
807 957 879 996 καὶ
917 952 1160 1008 πρεσβυτης
1194 951 1280 996 ὑπὸ
1319 957 1399 997 τοῦ
1431 965 1468 1006 Β

38 1025 312 1079 βραδυτέρου
361 1021 523 1073 ἑάλων,
572 1028 613 1065 οὶ
660 1021 692 1064 δ’
736 1021 830 1077 ἐμοὶ
877 1021 1117 1074 κατήγοροι
1152 1018 1231 1063 ἅτε
1268 1023 1402 1065 δεινοὶ

609 890 791 929 θᾶττον
825 885 910 942 9(ὲο
950 885 1164 928 {rendum
1201 887 1290 929 θεῖ.
1327 889 1400 929 καὶ

41 1153 124 1185 Ven.
157 1153 189 1184 b.
222 1151 320 1183 vind.
356 1153 388 1185 3.
423 1153 454 1186 0.
490 1153 570 1184 Flor
603 1165 632 1185 a.
670 1154 701 1186 1».
735 1164 764 1183 ι’.
801 1164 828 1182 r.
863 1163 894 1192 g.
929 1150 957 1182 h.
992 1152 1011 1184 i.
1054 1151 1157 1184 Coisi.
1196 1154 1288 1193 Aug.
1320 1153 1400 1184 Par.

42 1198 278 1230 BCDEHST.
327 1197 451 1230 Servat
480 1202 594 1230 tamen
620 1199 699 1231 iliud
716 1198 829 1232 Brun..
856 1199 909 1238 qni
940 1198 1104 1237 seriptum
1134 1196 1400 1240 exhibetpchov,

43 1255 109 1276 una
138 1254 212 1276 cnm
241 1243 316 1275 Vat.
342 1245 483 1285 aliisque
510 1245 606 1277 bonis
636 1244 736 1278 codri.
786 1243 950 1276 Nimirum
971 1253 1039 1275 nou
1062 1254 1123 1285 pro
1149 1247 1398 1286 comparativo,

43 1290 104 1322 sed
139 1300 201 1332 pro
237 1290 385 1331 positivo
412 1291 644 1331 accipiendum
681 1295 751 1327 est.
792 1289 834 1321 de
865 1299 934 1330 quo
973 1300 1036 1321 usu
1073 1300 1102 1321 v.
1131 1290 1320 1325 Lobeck.
1358 1291 1401 1323 ad

46 1336 170 1377 Phryn.
196 1347 226 1377 p.
254 1335 332 1370 403.
359 1336 488 1368 Deinde
515 1337 591 1368 loco
617 1338 705 1378 vulg.
733 1336 870 1378 τραπεὶς
894 1346 911 1367 e
941 1335 1036 1368 nodi.
1065 1335 1170 1368 Coisl.
1202 1337 1284 1370 Vnt.
1318 1337 1401 1371 Veu.

43 1383 76 1416 b.
116 1382 212 1414 vind.
249 1381 282 1414 3.
317 1382 349 1415 4.
389 1382 538 1416 6.F10r
567 1382 599 1414 d.
627 1382 813 1417 e.h.1’ar
842 1380 943 1414 DS'P.
971 1382 1056 1420 aliis,
1083 1380 1294 1423 τραπόμενος
1318 1384 1401 1416 scri-

66 1428 182 1460 simus.

41 1439 61 1470 p
132 1474 316 1515 μηχαναὶ
328 1474 521 1527 πολλαί]
557 1473 614 1505 Sic
641 1475 759 1515 optimi
786 1486 847 1516 pio
874 1475 962 1515 vulg
990 1475 1107 1505 πολλαι
1135 1477 1287 1516 μηχαιαί.

132 1520 174 1552 Β.
227 1519 270 1550 οἱ
298 1515 335 1550 δ’
338 1518 467 1597 ηέμοὶ
493 1519 763 1562 κατήγοροι]
818 1520 877 1551 δὴ*
904 1520 1004 1554 ΒοάΙ.
1035 1520 1108 1552 Vat.
1131 1522 1219 1553 Ven.
1244 1522 1274 1551 b.
1299 1521 1401 1555 vind.

43 1567 73 1600 1.
99 1565 132 1599 6.
159 1565 251 1598 Flor.
279 1564 310 1598 d.
398 1566 428 1597 h.
459 1568 534 1598 Par.
561 1566 662 1598 DST.
691 1567 803 1608 Vulgo
831 1566 867 1598 οί
889 1565 925 1597 δέ
948 1577 1016 1606 μου
1044 1578 1072 1597 κ.

43 1653 155 1689 simus
180 1658 378 1698 generalem
408 1658 515 1689 infert
551 1663 688 1690 senten-

43 1704 146 1735 tiam:
182 1699 255 1735 Ουκ
276 1700 380 1747 α’ρετᾳ
403 1701 488 1735 κακὰ
514 1704 614 1746 ἔργα
640 1716 687 1735 κι-

42 1747 137 1790 χάνει
153 1760 204 1780 τοι
221 1738 365 1791 βραδὺς
374 1745 486 1785 ωκύν;
504 1760 555 1782 no
566 1761 588 1782 n
602 1750 644 1781 fo
657 1761 689 1781 r-

42 1800 209 1827 tunant
233 1797 304 1827 vel
329 1796 468 1828 beant
493 1797 606 1828 mala
631 1797 688 1828 fa-

42 1842 224 1885 cinora3
271 1842 522 1883 tardusque
576 1853 689 1874 asse-

43 1888 415 1929 quiturcelerem.
451 1888 690 1929 Conferripo-

42 1937 110 1965 test
144 1934 249 1965 etiam
278 1935 376 1966 locus
401 1934 502 1966 Iliad
531 1933 599 1966 IX.
621 1934 690 1969 498

43 1990 121 2021 sqq.
155 1980 199 2011 de
229 1977 328 2022 Ἄτης
373 1981 448 2012 sive
476 1979 603 2012 Noxae
635 1991 691 2013 ce-

42 2026 181 2057 leritate
216 2030 323 2068 atque
354 2025 470 2058 Λιτῶν
509 2027 690 2059 tarditate.

44 2070 149 2109 Quod
173 2081 257 2104 vero
291 2069 349 2104 ἅτε
379 2077 458 2104 ante
483 2070 620 2114 βραδὺς
645 2070 693 2104 ὢν

43 2121 78 2148 et
111 2116 218 2148 δεινοὶ
249 2119 303 2150 καὶ
331 2114 422 2158 ὀξεῖς
448 2120 693 2161 interponitur,

45 2164 395 2199 seutentiahaecest:
419 2164 556 2203 Quum
580 2175 693 2198 mors

45 2209 517 2251 tardior,improbitas
543 2216 692 2244 autem

45 2254 251 2286 velocior
288 2257 364 2296 sit,
400 2267 517 2289 nune
548 2258 609 2289 ita
637 2259 694 2290 fa-

46 2303 159 2331 ctum
193 2305 279 2342 est,
319 2307 364 2333 ut
398 2313 497 2343 ego,
536 2308 692 2344 utpote

45 2347 208 2378 tardus
234 2352 279 2378 et
302 2358 458 2388 senex,
497 2358 518 2380 a
553 2354 693 2382 morte

45 2393 126 2423 sim
151 2397 324 2433 eaptus3
351 2395 605 2426 adversarii
627 2406 693 2427 au-

45 2443 128 2470 tem
158 2439 269 2478 mei,
315 2441 477 2481 quippe
518 2442 589 2481 qui
626 2452 692 2474 va-

44 2484 135 2515 lidi
178 2485 266 2516 sint
306 2490 346 2517 et
381 2487 584 2525 veloces,
622 2488 691 2519 im-

46 2531 316 2570 probitatem
353 2533 473 2564 nacti
506 2533 597 2564 sint
630 2535 692 2575 ip-

47 2585 123 2607 sos
156 2583 506 2620 persequentem.
557 2577 693 2621 Quippe

47 2625 209 2664 utraque,
234 2627 269 2655 et
296 2634 392 2656 mors
417 2629 451 2656 et
476 2624 692 2666 improbitas,

48 2667 176 2699 dicitur
219 2679 298 2701 eum
335 2674 543 2712 assequuta,
590 2681 690 2712 quem

48 2723 114 2753 pro
140 2714 266 2746 virium
291 2717 428 2748 ratione
452 2716 590 2748 facilius
611 2727 691 2758 pos-

51 2763 103 2790 set
126 2762 292 2802 consequi
316 2767 422 2804 atque
446 2773 580 2804 capere.
626 2763 692 2795 Re-

94 2814 183 2847 Plat.
211 2817 238 2848 I.
266 2818 346 2850 Vol.
372 2819 402 2850 1.
435 2819 472 2850 P.
499 2819 522 2850 1.

756 1660 916 1690 feruntur
959 1668 1042 1690 vero
1093 1659 1135 1690 ad
1172 1669 1208 1690 se
1249 1658 1399 1691 invicem

757 1702 891 1746 βραδὺς
923 1705 978 1735 καὶ
1016 1702 1212 1746 πρεσβύτης
1236 1710 1270 1736 et
1294 1702 1400 1736 δεινοὶ

758 1750 812 1782 καὶ
847 1746 958 1790 ὀξεῖς,
990 1751 1040 1782 ita
1077 1751 1234 1791 quidem,
1266 1753 1304 1782 ut
1336 1761 1400 1791 per

757 1797 948 1828 chiasmum
994 1797 1165 1828 vocabulo
1205 1795 1402 1838 πρεσβύτης

758 1847 955 1884 opponatur
992 1841 1114 1883 δεινοί,
1149 1844 1279 1885 quippe
1309 1845 1403 1885 quod

759 1889 920 1929 designet
965 1889 1152 1921 iuvenilem
1193 1890 1261 1921 vim
1297 1894 1402 1931 atque

757 1935 1031 1973 vehementiam3
1056 1936 1098 1966 ad
1128 1933 1263 1976 βραδύς
1287 1940 1403 1968 autem

755 1982 930 2022 pertineat
955 1977 1056 2020 ὀξεῖς.
1087 1981 1159 2013 Pro
1187 1980 1403 2023 &swolquod

757 2037 827 2059 non
858 2027 947 2058 dixit
971 2025 1062 2064 νέοι,
1099 2028 1202 2060 sicuti
1234 2029 1400 2069 scriptum

760 2074 871 2105 voluit
896 2074 948 2104 vir
974 2073 1095 2106 doctus
1122 2075 1157 2105 in
1175 2075 1304 2106 Annal.
1325 2074 1400 2105 Lit-

759 2124 822 2151 ter.
854 2119 997 2151 Jenens.
1034 2130 1064 2153 a.
1101 2119 1202 2154 1817.
1241 2131 1276 2161 p.
1310 2119 1400 2159 153„

761 2170 981 2197 accusatores
1008 2170 1041 2196 et
1067 2166 1218 2206 iudices,
1252 2167 1309 2207 qui
1336 2165 1400 2198 So-

762 2216 891 2244 cratem
923 2211 1264 2251 eondemnaverant,
1309 2217 1401 2244 certe

761 2269 834 2289 non
858 2267 977 2289 omnes
1006 2258 1208 2298 simpliciter
1232 2256 1303 2288 νέοι
1336 2268 1399 2299 po-

760 2308 902 2336 tuerunt
919 2304 1102 2344 appellari.
1129 2304 1203 2336 Nee
1223 2314 1305 2335 vero
1323 2305 1399 2336 sine

761 2360 884 2382 caussa
910 2349 1074 2381 Socrates
1108 2360 1168 2381 eos
1202 2354 1304 2382 vocat
1334 2361 1398 2391 po-

759 2397 827 2428 tius
860 2392 1016 2431 δεινούς,
1051 2396 1186 2428 etiamsi
1220 2397 1262 2427 de
1295 2397 1400 2428 robu-

759 2443 865 2474 stiore
895 2442 1052 2482 ipsorum
1081 2447 1194 2474 aetate
1234 2443 1319 2473 velit
1347 2453 1403 2474 co-

760 2489 877 2530 gitari.
929 2487 1085 2519 Chiasmi
1117 2489 1218 2520 istius
1244 2489 1403 2530 exempla

760 2534 956 2566 notavimus
970 2533 1015 2564 ad
1036 2533 1183 2565 phaedr.
1201 2545 1232 2575 p.
1250 2534 1328 2568 230.
1344 2536 1395 2569 A.

760 2581 907 2612 Theaet.
930 2589 963 2620 p.
990 2578 1066 2612 140.
1099 2581 1141 2611 E.
1178 2580 1340 2612 Parmen.
1366 2591 1398 2621 p.

760 2626 838 2660 131.
864 2626 910 2656 A.
932 2625 989 2655 De
1013 2624 1101 2666 Rep.
1127 2625 1175 2657 II.
1199 2637 1232 2668 p.
1261 2626 1341 2660 370.
1358 2627 1399 2658 E.

760 2672 823 2706 VI.
863 2682 894 2712 p.
928 2669 1007 2705 494.
1046 2671 1089 2702 E.
1132 2671 1206 2706 Pol.
1243 2672 1321 2707 261.
1352 2672 1398 2705 D.

760 2718 918 2760 Sympos.
944 2727 975 2758 p.
1001 2716 1080 2751 186.
1105 2718 1142 2751 Α.
1170 2719 1213 2750 al.
1240 2719 1399 2751 Ceterum

760 2765 848 2795 ludit
862 2764 897 2794 in
913 2763 1140 2803 ambiguitate
1154 2765 1249 2796 verbi
1265 2762 1399 2801 ἁλῶναι,

1065 2821 1111 2859 11
