1644 3039
208 149 537 195 APOLOGIA
570 148 893 193 SOCRATIS.
929 149 976 190 P.
1011 149 1078 190 36.
1112 147 1176 190 St.

28 286 181 320 σοντες
215 270 347 325 ἐμοῦ,
385 265 467 310 κᾶν
501 260 615 325 ὦφλε
655 269 797 322 χιλίας
842 265 1064 321 δραχμάς,
1103 262 1154 306 οὐ
1191 266 1380 320 μεταλα·
1422 257 1458 297 Ρ)

1305 147 1382 188 14ῖ

26 335 119 392 βών
155 333 203 380 τὸ
242 341 442 392 πέμπτον
476 338 605 390 μέρος
640 336 727 376 τῶν
765 332 943 393 ψήφων.

28 464 136 508 pedit,
161 464 252 507 quod
279 474 342 497 nec
355 465 397 497 de
420 465 583 505 suffragio
605 474 664 495 an-

27 512 121 554 cipiti
153 511 321 544 iudicibus
360 521 525 543 concesso
568 509 665 552 quid-

26 568 127 599 quain
162 557 350 589 memoriae
392 557 565 600 proditum
604 559 666 594 est,

28 604 71 636 de
108 613 173 644 qua
209 613 245 634 re
286 604 351 634 alia
395 604 506 635 omnia
554 606 668 633 narrat

27 649 153 681 Pollux
181 649 306 681 Onoui.
336 647 436 683 VlII.
469 647 567 688 123,
604 656 668 679 nec

28 696 213 727 verisimile
247 694 402 736 vidvtur,
441 700 507 726 tan·
541 694 667 725 multos

27 742 136 773 fuisse
167 741 346 778 absentes,
387 741 667 783 quandoquidem

27 797 163 828 semper
188 787 312 819 delecti
338 788 500 826 fuerunt,
527 787 604 827 qui,
637 786 667 817 si

28 843 97 874 qua
115 843 202 875 opus
222 838 322 872 esset,
348 833 580 865 deficientium
604 842 666 863 nu-

26 889 159 911 merum
175 880 387 921 supplerent.
436 881 485 910 At
504 889 599 916 vero,
614 879 666 909 in-

27 926 103 966 quit
126 925 274 966 aliquis,
312 926 451 966 egregie
484 930 576 956 certe
602 925 666 956 hac

26 976 87 1003 tua
120 972 258 1003 ratione
291 971 401 1003 falsus
432 981 485 1014 es;
517 981 597 1003 nam
635 971 665 1002 si

26 1017 92 1051 281
118 1017 252 1049 iudices
279 1019 459 1049 Socratem
477 1017 664 1049 damnave-

28 1067 126 1102 runt,
162 1064 224 1095 sed
257 1063 326 1098 220
361 1065 475 1105 ipsum
506 1064 666 1095 absolve-

25 1113 126 1149 runt,
162 1109 320 1151 profecto
344 1120 414 1141 non
439 1114 574 1141 tantum
603 1110 666 1140 tri-

29 1156 139 1196 ginta,
165 1156 226 1187 sed
250 1156 368 1197 potius
384 1156 569 1197 sexaginta
595 1155 667 1187 suf-

26 1202 143 1242 fragia
175 1204 210 1233 et
241 1202 336 1242 quod
372 1203 525 1233 excurrit
555 1201 669 1232 adhue

26 1247 225 1279 necessaria
248 1248 409 1288 fuerunt,
436 1258 504 1289 quo
530 1248 585 1279 vir
614 1257 669 1278 sa-

26 1294 266 1334 pientissimus
294 1294 546 1326 absolveretur.
583 1295 669 1334 Spe-

26 1340 125 1371 ciosa
148 1349 232 1371 vero
258 1341 504 1381 reprehensio,
532 1350 595 1371 nee
619 1344 670 1371 ta-

26 1395 105 1417 men
141 1386 235 1417 iusta
273 1393 377 1427 atque
414 1397 509 1419 vera.
578 1385 669 1417 Nam

26 1432 145 1463 demas
176 1442 306 1473 quaeso
349 1432 393 1465 30
425 1433 468 1464 de
498 1432 562 1466 281
596 1431 667 1463 suf-

25 1477 162 1518 fragiis,
188 1481 222 1508 et
246 1479 474 1510 remanebunt
498 1489 569 1510 non
588 1478 667 1518 plus

26 1533 130 1564 quam
168 1522 246 1556 251.
303 1524 384 1556 Jam
429 1534 512 1556 vero
558 1524 666 1555 addas

25 1570 147 1600 eadem
172 1570 234 1601 illa
258 1569 303 1603 30
336 1581 480 1602 numero
505 1570 573 1604 220
595 1571 666 1601 suf-

25 1615 230 1656 fragiorum,
256 1621 290 1647 et
304 1617 449 1648 habebis
466 1617 544 1650 250.
594 1617 664 1648 Ita-

26 1671 91 1702 que
131 1661 302 1703 liquidum
341 1667 394 1694 est
436 1673 555 1704 parem
595 1663 667 1694 fere

25 1708 378 1749 utrinquenumerum
388 1709 550 1740 evadere.
577 1708 668 1740 Nam

23 1754 126 1785 unius
151 1759 284 1786 tantum
305 1754 464 1795 suffragii
486 1756 668 1786 damnato-

24 1799 68 1831 rii
86 1799 284 1832 differentia
302 1802 456 1841 emergit.
494 1800 670 1838 Quocirca

24 1846 92 1877 hoc
125 1846 210 1877 dicit
241 1846 424 1878 Socraets:
459 1848 488 1877 si
521 1847 668 1887 triginta

24 1896 160 1923 tantum
184 1892 352 1934 suffragia
387 1894 489 1924 aliter
522 1894 666 1924 cecidis-

25 1942 114 1978 sent,
140 1938 174 1970 h.
201 1949 231 1969 e.
258 1949 328 1970 non
351 1940 583 1978 damnatoria,
604 1939 666 1970 sed

27 1984 245 2016 absolutoria
270 1986 487 2025 extitissent,
520 1986 664 2017 crimine

25 2030 193 2062 liberatus
229 2041 350 2063 essem.
407 2032 456 2063 At
488 2032 663 2070 nimirum,

23 2077 238 2118 respondes,
280 2078 329 2109 ita
359 2081 475 2109 tamen
509 2078 664 2109 futurum

25 2122 161 2162 fuisset,
184 2128 223 2154 ut
248 2133 318 2156 una
346 2125 467 2155 saltem
492 2125 666 2155 sententia

26 2169 149 2209 capitis
207 2171 512 2201 condemnaretur!
560 2170 667 2202 Recte

26 2223 120 2245 vero.
167 2213 242 2246 Nec
266 2221 381 2247 tamen
402 2221 465 2258 est,
490 2227 549 2248 cur
567 2217 610 2248 de
627 2227 668 2248 ea

26 2269 63 2290 re
73 2259 218 2290 multum
233 2261 440 2293 laboremus.
463 2261 668 2303 Quidenim‚

27 2305 56 2336 si
82 2315 171 2336 unus
189 2306 319 2337 alterve
335 2307 487 2339 iudicum
505 2319 588 2340 casu
603 2309 669 2340 fuit

26 2351 239 2392 prohibitus,
264 2353 446 2393 quominus
475 2354 510 2384 in
535 2355 667 2386 indicio

25 2397 176 2436 adesset,
200 2407 283 2429 num
308 2398 344 2429 id
373 2399 552 2430 Platonem
578 2401 667 2432 indi-

26 2443 180 2475 cabimus
206 2445 404 2476 necessario
429 2445 585 2477 indicare
607 2447 665 2479 de-

27 2489 171 2521 buisse?
199 2489 375 2521 Nimirum
400 2491 448 2522 ita
474 2492 578 2523 etiam
602 2503 665 2525 no-

28 2539 100 2567 stro
126 2536 266 2577 quidem
297 2537 429 2568 iudicio
462 2537 578 2578 inepte
613 2539 664 2571 fa-

27 2585 144 2613 cturus
169 2582 304 2614 fuisset.
331 2582 461 2614 Putida
480 2583 571 2614 enim
595 2585 663 2617 ista

28 2627 120 2659 foret
151 2629 378 2662 enumeratio.
425 2629 557 2660 Verum
587 2640 666 2673 sup-

28 2674 116 2714 petit
141 2675 246 2706 etiam
271 2675 341 2707 alia
372 2685 480 2716 eaque
506 2676 668 2716 probabi-

28 2719 96 2750 lior
122 2721 338 2753 difficultatis
367 2722 467 2753 istius
496 2722 667 2755 tollendae

30 2766 133 2796 ratio.
176 2766 295 2798 Utitur
312 2768 401 2799 enim
423 2767 585 2799 Socrates
608 2780 668 2801 nn-

735 473 830 495 mero
856 464 1010 495 rotundo
1041 473 1104 504 pro
1136 472 1199 502 eo,
1237 462 1295 502 qui
1331 465 1383 492 est

735 510 882 550 triginta
913 513 948 541 et
980 519 1088 548 nnuS,
1122 507 1290 549 quoniam
1323 516 1381 538 ex-

735 561 814 587 acta
846 556 914 587 ista
939 555 1124 595 diligentia
1158 555 1200 586 ab
1227 554 1379 585 oratoris

734 612 888 643 persona
929 602 1046 633 aliena
1086 610 1161 632 esse
1202 601 1278 632 visa
1317 605 1379 631 est.

736 648 928 679 Enimvero
969 648 1053 688 quid
1087 647 1153 678 sibi
1186 646 1291 677 vellet
1326 646 1378 677 his

737 695 852 726 verbis
883 694 967 733 suis,
994 694 1030 724 id
1056 694 1110 724 vel
1128 703 1197 723 uno
1223 693 1284 724 illo
1306 702 1378 724 non

735 741 772 772 in
786 751 928 772 censum
947 740 1059 771 relato
1077 739 1238 770 omnibus
1253 743 1378 779 sponte

735 797 904 828 apparere
943 786 1074 817 debuit.
1120 786 1198 816 Huc
1229 785 1376 822 accedit,

736 834 832 874 quod
875 833 1037 863 Pollux
1069 830 1136 863 On.
1174 831 1258 862 ΠΗ.
1300 830 1378 864 1‘23.

734 883 855 911 narrat
880 879 1064 910 Heliaeam
1095 877 1169 908 fere
1204 887 1247 908 ex
1278 878 1377 918 quin-

734 926 848 966 gentis
882 925 969 956 viris
1008 924 1220 955 constitisse.
1267 922 1379 954 Nimi-

733 983 810 1003 rum
834 972 883 1002 ita
908 976 1000 1002 certe
1016 970 1126 1001 valuit
1140 969 1294 1001 calculus
1309 969 1379 1000 Mi-

734 1028 876 1050 nervae.
925 1018 1042 1058 Atque
1058 1016 1144 1048 haec
1169 1017 1199 1048 si
1221 1025 1302 1048 vere
1327 1015 1380 1047 di-

735 1068 875 1106 sputata
901 1070 999 1103 sunt,
1033 1067 1192 1103 apertum
1217 1072 1294 1093 esse
1317 1072 1380 1103 pu-

735 1116 869 1147 tamus,
900 1115 934 1141 et
967 1110 1164 1149 Diogenem
1198 1107 1379 1141 Laertium

736 1167 821 1188 vera
844 1166 999 1195 narrare,
1034 1160 1067 1186 et
1092 1155 1232 1186 codices
1260 1154 1381 1186 Plato-

737 1203 791 1234 nis
820 1203 863 1234 ab
888 1202 945 1242 iis,
970 1201 1029 1241 qui
1049 1204 1136 1241 τρεῖς
1156 1201 1380 1242 scripserunt,

738 1250 781 1281 ob
808 1259 882 1280 eam
909 1258 1086 1287 caussam,
1113 1247 1156 1279 de
1182 1257 1251 1288 qua
1274 1257 1381 1288 supra

738 1296 953 1334 monuimus,
989 1298 1117 1325 temere
1150 1303 1226 1324 esse
1261 1303 1380 1325 corru-

738 1345 828 1383 ptos.
883 1341 939 1372 De
979 1340 1110 1371 iudicio
1142 1339 1381 1371 Heliastarum

737 1399 769 1419 v.
812 1387 1105 1419 Hermannum
1150 1386 1380 1427 Antiquitatt.

741 1433 841 1465 Publ.
876 1432 1000 1464 Graec.
1035 1432 1063 1473 ἕ.
1088 1431 1169 1465 134.
1215 1432 1270 1463 Ne
1295 1442 1379 1464 vero

736 1480 871 1511 mireris
901 1478 1083 1510 Socratem
1114 1478 1278 1510 continuo
1311 1479 1379 1510 cal—

736 1526 822 1557 culis
855 1525 1035 1557 subductis
1067 1526 1135 1556 ista
1169 1525 1284 1555 dicere
1317 1535 1378 1566 po-

734 1572 855 1612 tuisse,
873 1572 1022 1613 videtur,
1047 1571 1301 1611 suffragatione
1326 1572 1377 1602 iu-

735 1618 851 1649 divum
875 1622 1034 1659 peracta,
1061 1617 1198 1658 publice
1225 1618 1377 1658 promul-

737 1669 855 1705 gatum
881 1674 974 1702 esse,
1009 1673 1097 1705 quae
1127 1668 1220 1694 esset
1251 1663 1377 1695 suffra-

737 1711 875 1751 giorum
902 1710 1004 1741 ratio.
1054 1708 1157 1746 Quod
1181 1710 1210 1740 si
1235 1710 1284 1740 ita
1301 1709 1377 1746 fuit,

737 1761 861 1797 sponte
886 1760 1032 1797 apparet
1046 1765 1138 1787 vana
1160 1765 1235 1786 esse
1253 1760 1287 1787 et
1302 1756 1377 1787 ina-

737 1803 813 1842 nia,
853 1812 941 1843 quae
974 1802 1016 1832 de
1055 1800 1120 1832 hac
1154 1812 1191 1832 re
1223 1802 1378 1843 disputat

739 1849 894 1880 Astius
932 1848 986 1879 De
1030 1847 1109 1879 Vita
1157 1853 1190 1879 et
1228 1848 1377 1889 Scriptis

735 1894 874 1926 Platon.
902 1905 934 1936 p.
961 1892 1041 1927 487.

779 1984 818 2017 εἰ
845 1983 898 2027 μὴ
938 1981 1072 2026 ἀνέβη
1096 1983 1277 2016 Ἄνυτος
1310 1985 1376 2016 καὶ

732 2030 909 2074 Λύκων]
955 2032 1124 2063 Yidelieet
1147 2042 1253 2073 quum
1277 2032 1377 2073 Any-

732 2083 787 2110 tus
819 2083 854 2109 et
877 2078 974 2119 Lyco
999 2077 1138 2116 Meleti‚
1175 2078 1235 2118 qui
1268 2078 1374 2109 actio-

733 2135 810 2156 nem
842 2125 1062 2162 instituerat,
1100 2121 1290 2165 συνήγοροι
1322 2123 1377 2155 vel

736 2168 894 2202 σύνοικοι
919 2174 1053 2208 essent,
1082 2170 1137 2201 his
1164 2174 1198 2201 et
1221 2169 1307 2210 ipsis
1335 2169 1376 2200 li-

736 2218 837 2249 cebat
869 2217 905 2248 in
939 2216 1069 2247 iudicio
1097 2219 1221 2247 contra
1250 2214 1376 2247 Socra-

736 2270 805 2295 tem
831 2263 938 2294 verba
962 2263 1088 2293 facere.
1112 2273 1144 2293 v.
1170 2262 1322 2293 Meier.
1346 2266 1380 2293 et

738 2309 1022 2341 Schoemann.
1049 2308 1070 2338 l.
1096 2318 1123 2338 c.
1151 2318 1183 2348 p.
1211 2308 1277 2342 707
1302 2318 1378 2349 sqq.

736 2357 790 2388 De
801 2365 944 2387 numero
955 2354 1124 2394 singulari
1149 2350 1266 2395 ἀνέβη,
1286 2355 1378 2387 conf.

734 2401 953 2434 Matthiae
991 2399 1052 2431 Gr.
1076 2400 1107 2438 ἱξ-
1133 2400 1212 2433 3Ο4.
1253 2400 1378 2440 Sequi-

733 2454 790 2479 tur
820 2452 933 2479 antem
949 2446 1096 2487 pluralis
1121 2444 1376 2488 κατηγορήσαν-

734 2504 785 2526 res
816 2494 861 2525 ob
900 2493 1044 2524 nomina
1081 2493 1241 2532 proxime
1278 2498 1374 2524 ante-

732 2550 864 2582 gressa.
912 2537 1016 2576 Quod
1040 2548 1083 2569 ne
1109 2549 1212 2580 quem
1236 2548 1372 2580 permo-

733 2591 813 2619 veat
840 2590 878 2616 ut
910 2595 986 2615 cum
1012 2583 1180 2616 Cobeto
1217 2589 1250 2616 et
1274 2585 1370 2616 Hir-

733 2644 747 2664 s
759 2633 806 2664 ch
818 2633 826 2663 i
838 2631 877 2672 gi
888 2641 907 2662 0
923 2630 1167 2670 corrigendum
1180 2636 1278 2672 putet
1294 2627 1369 2662 ἀνέ-

735 2679 859 2720 βησαν,
874 2677 994 2708 eodem
1005 2677 1108 2707 modo
1124 2677 1246 2709 Plato
1259 2678 1370 2719 Legg.

735 2726 776 2758 V,
809 2735 842 2766 p,
875 2723 953 2756 729.
987 2722 1034 2752 E:
1068 2719 1209 2754 δύναται
1237 2722 1272 2755 δὲ
1298 2723 1369 2755 δια-

742 2770 919 2812 φερόντως
944 2764 963 2797 ὁ
993 2766 1104 2807 ξένιος
1124 2768 1276 2802 ἑκάσῑων
1301 2768 1371 2801 δαί-

1005 2823 1085 2862 10*
