1644 3039
180 163 256 203 108

686 164 1050 207 'LATONIS

172 283 328 333 ἔχοντα
374 276 656 335 ἀνθρώπων,
693 279 749 330 ὡς
788 279 896 340 [οὐ]
947 284 1025 324 τοῦ
1062 281 1200 324 αὑτοῦ
1237 282 1400 339 ἀνδρὸς
1434 283 1523 327 ἐστι

174 348 244 387 καὶ
272 344 476 400 δαιμόνια
506 350 577 389 καὶ
599 351 706 390 θεῖα
729 346 954 403 ἡγεῖσθαι,
984 352 1055 390 καὶ
1077 341 1133 390 αὖ
1156 350 1234 391 τοῦ
1259 350 1398 393 αὐτοῦ
1417 352 1523 406 μήτε

171 485 302 522 ἐστιν.

90 409 142 450 28
174 414 388 466 δαίμονας
422 413 531 468 μήτε
582 414 721 465 θεοὺς
755 415 864 470 μήτε
913 415 1077 471 ἥρωας,
1124 415 1304 469 οὐδεμία
1349 417 1522 473 μηχανή

270 544 379 605 Cup.
408 544 536 589 XVi.
557 547 688 590 Ἀλλά
717 548 813 603 γάρ,
848 543 878 590 ὦ
903 547 1060 605 ἄνδρες
1081 549 1335 602 Ἀθηναῖοι,
1364 549 1421 600 ὡς
1445 554 1524 605 μὲν

170 613 249 668 ἐγώ
268 613 346 656 οὐκ
361 613 494 657 ἀδικῶ
516 614 628 657 κατὰ
646 614 726 668 τὴν
748 616 958 667 Μελήτου
985 618 1174 675 γραφήν,
1197 616 1247 660 οὐ
1265 621 1430 669 πολλῆς
1449 636 1524 672 μοι

170 683 286 723 δοκεῖ
305 681 414 724 εἶναι
434 681 691 734 ἀπολογίας,
709 682 798 725 ἀλλ’
827 684 956 725 ἱκανά
978 687 1050 726 καὶ
1074 687 1238 726 ταῦτα·
1268 683 1290 728 ὃ
1319 687 1362 727 δὲ
1384 690 1454 728 καὶ
1480 691 1524 728 ὲν

169 756 262 797 τοῖς
282 752 540 803 ἔμπροσθεν
558 753 676 804 glayo
685 767 718 800 v,
732 748 801 793 ὅτι
813 750 953 801 πολλή
964 769 1038 805 μοι
1057 750 1277 807 ἀπέχθεια
1291 759 1438 806 γέγονε
1452 755 1524 795 καὶ

169 814 280 869 πρὸς
291 810 543 866 πολλοὺς-,εὖ
557 817 645 860 ἰ’στε
659 816 726 861 ὅτι
739 817 910 870 ἀληθὲς
923 824 1023 861 ἐστι.
1058 823 1128 861 καὶ
1155 819 1268 862 τοῦτ’
1290 818 1438 862 ἐστινὸ
1453 823 1524 874 ἐμὲ

169 882 351 938 αἱρήσει,
371 882 530 940 ἐάνπερ
558 887 660 945 αἱρῇ
695 884 746 928 οὐ
776 888 990 938 ΒΙὲληῑ-ος,
1025 884 1335 937 οὐδὲ”Ανυτος,
1372 886 1458 928 ἀλλ’
1497 886 1521 938 ἡ

276 1016 288 1026 η
331 1012 338 1022 v
429 1012 436 1023 ν
522 1017 533 1023 ι
593 1014 599 1025 7
678 1018 690 1024 -
735 1013 742 1025 7
852 1016 859 1024 ι
988 1014 995 1026 r
1202 1019 1208 1024 -
1458 1020 1464 1029 r

260 1016 301 1049 L.
314 1024 364 1046 ως
385 1027 403 1046 ο
418 1028 437 1047 v
456 1028 469 1046 τ
482 1028 499 1047 ο
513 1028 531 1047 υ
551 1028 597 1047 αι)
613 1028 654 1047 το
669 1029 687 1048 υ
700 1017 711 1059 [
724 1015 826 1058 αιιδρ
841 1018 933 1058 051]
953 1029 1006 1051 ου,
1024 1019 1125 1059 vulgo
1142 1029 1304 1051 omissum
1321 1019 1418 1051 Bodl.
1442 1020 1456 1049 ἱ
1471 1030 1522 1051 en.

477 1108 554 1138 τοῦ
590 1105 728 1139 αὐτοῦ
768 1126 811 1131 -

171 1150 357 1193 οὐδεμία
426 1152 594 1195 μηχανή
667 1153 811 1195 ἐστιν]

173 1201 249 1232 Hoc
297 1200 395 1232 dicit:
445 1201 573 1231 nuliis
629 1210 811 1241 unquam

170 1247 347 1278 artibus
387 1246 562 1286 poteris
613 1247 812 1287 cuiqnam

171 1294 316 1335 paullo
345 1291 617 1333 prudentiori
642 1302 813 1333 persua-

171 1339 285 1377 dere,
334 1339 565 1370 convenire
611 1340 650 1369 in
692 1348 812 1370 unum

171 1384 437 1425 eundemque
492 1384 720 1424 hominem,
771 1389 814 1416 nt

170 1431 394 1464 daemonia
436 1441 482 1462 ac
530 1431 673 1462 divina
713 1441 813 1463 esse

172 1483 362 1515 statuat,
390 1482 430 1508 et
455 1476 814 1509 rursusnecdeos

171 1535 249 1556 nec
278 1524 511 1554 daemones
545 1533 622 1554 nec
654 1521 813 1555 heroas

173 1580 273 1602 esse
301 1568 477 1606 credat;
503 1568 531 1600 Ιι.
551 1579 579 1600 e.
605 1579 669 1600 non
686 1570 814 1610 poteris

172 1614 355 1648 ostendere
382 1625 421 1646 ac
439 1614 579 1653 docere,
605 1615 676 1646 fieri
697 1625 812 1656 posse,

171 1667 207 1694 ut
233 1662 323 1693 idem
357 1659 458 1692 homo
485 1660 665 1692 daemonia
699 1671 737 1692 ac
763 1660 813 1692 di-

170 1709 243 1740 vina
279 1718 356 1739 esse
373 1706 502 1742 credat,
530 1711 564 1738 et
588 1711 701 1738 tamen
722 1707 811 1738 idern

171 1754 256 1786 deos
276 1764 314 1786 ac
331 1752 514 1784 daemones
538 1758 570 1783 et
589 1752 711 1784 heroas
735 1763 812 1784 esse

171 1806 294 1841 neget,
338 1798 615 1840 quandoquidem
655 1799 712 1839 qui
756 1809 809 1830 res

171 1846 301 1878 divinas
327 1856 367 1876 ac
394 1844 592 1876 daemonias
630 1856 706 1876 esse
741 1845 813 1876 exi·

215 1108 256 1138 E.
306 1104 358 1138 1:33
393 1104 440 1138 οὐ

170 1893 298 1931 stimat,
316 1901 391 1924 eum
412 1900 556 1922 necesse
571 1895 625 1922 est
643 1891 739 1922 etiam
757 1901 813 1922 ea-

169 1948 242 1970 rum
261 1945 421 1969 auctores
439 1946 515 1968 esse
534 1936 686 1970 credere.
720 1936 816 1967 Haec

171 1994 252 2016 vero
284 1993 389 2025 quum
434 1982 499 2013 loci
539 1983 709 2014 sententia
756 1983 811 2020 sit

170 2035 292 2071 sponte
319 2029 528 2068 inteiligitur‚
558 2028 751 2068 importune
779 2029 811 2058 in

170 2075 269 2108 codd.
297 2080 374 2106 ante
395 2074 457 2105 τοῦ
475 2069 586 2104 αὐτοῦ
612 2069 738 2114 ἰπδρός
763 2073 811 2104 in-

171 2124 338 2154 culcatum
359 2131 436 2153 esse
463 2116 517 2159 οὐ.
545 2129 612 2160 qno
636 2124 728 2151 rer-te
755 2128 811 2150 ca-

171 2173 248 2200 rent
273 2172 355 2200 vett.
384 2167 482 2199 editt.
533 2165 694 2197 Nimirum
723 2165 811 2196 inse-

171 2218 310 2246 ruerunt
334 2214 490 2245 voculam
517 2216 651 2243 temore
674 2211 727 2252 qui
752 2221 810 2242 ne·

171 2261 361 2301 glexissent
409 2259 440 2290 in
494 2258 603 2289 altero
653 2255 814 2289 orationis

173 2306 327 2337 membro
355 2315 420 2336 non
445 2304 494 2335 sic
528 2304 691 2345 scriptum
719 2312 813 2334 esse.

174 2353 226 2382 καὶ
253 2346 296 2382 αὖ
323 2352 385 2382 τοῦ
408 2346 518 2381 αυτοῦ
552 2350 619 2380 καὶ
654 2348 816 2388 δαίμοιας

175 2409 245 2429 και
272 2396 382 2429 θεοὺς
409 2408 477 2427 και
508 2392 569 2437 759„
595 2397 654 2428 sed
679 2406 739 2438 pro
763 2395 815 2426 καὶ

173 2445 238 2475 iam
257 2444 368 2476 inferri
385 2443 475 2485 μήτε.
531 2444 690 2474 Ceterum
706 2443 736 2472 in
767 2442 816 2472 ai—

174 2495 248 2522 tero
284 2491 436 2522 membro
477 2489 626 2519 oratoria
673 2488 818 2528 quadam

174 2536 331 2568 ubertate
358 2537 419 2568 τοῦ
448 2530 555 2566 αὐτοῦ
577 2533 688 2566 denuo
715 2543 815 2575 repe-

176 2582 274 2622 titur,
305 2593 373 2623 quo
403 2581 523 2613 fortius
560 2580 729 2611 indicetur
763 2584 814 2610 te-

177 2629 345 2660 meritatis
377 2625 593 2669 magnitudo,
633 2636 721 2667 quae
754 2626 816 2657 ista

177 2677 298 2715 utpote
330 2676 416 2706 inter
452 2684 489 2704 se
531 2672 719 2713 pugnantia
763 2671 816 2702 uni

178 2719 358 2760 eidemque
384 2718 508 2751 homini
536 2718 673 2750 tribuat.

223 2766 308 2807 Cap.
324 2765 414 2798 xvi.
442 2765 482 2798 P.
500 2763 553 2797 ⁶28.
581 2760 696 2795 Ἀλλὰ
724 2762 816 2805 γάρ,

882 1103 908 1139 ὦ
934 1106 1151 1150 ἅνδρες-]
1176 1110 1347 1141 Absoluta
1367 1111 1441 1150 ipsa
1458 1111 1521 1143 de-

881 1154 1034 1186 fensione
1085 1155 1248 1187 Socrates
1297 1157 1441 1187 institnit
1481 1156 1524 1189 de

882 1201 953 1231 aliis
980 1201 1082 1231 rebus
1100 1200 1272 1233 disserere
1301 1202 1421 1233 eodeni
1446 1213 1524 1244 per-

883 1246 1077 1278 tinentibus.
1153 1247 1199 1277 Et
1246 1247 1391 1288 primum
1449 1249 1523 1290 qui-

884 1291 959 1323 dem
1008 1293 1159 1332 queritur
1202 1294 1388 1333 pericnlum
1434 1305 1523 1335 esse,

884 1348 924 1369 ne
957 1337 1072 1370 odium
1110 1338 1338 1370 multitudinis
1377 1339 1440 1371 sibi
1473 1342 1524 1372 in-

883 1385 1021 1415 nocenti
1055 1389 1201 1416 mortem
1227 1385 1368 1425 afferat3
1400 1385 1524 1419 deinde

884 1439 964 1461 vero
1003 1430 1153 1461 ostendit
1193 1431 1295 1462 etiam
1336 1442 1373 1463 se
1411 1432 1442 1463 in
1485 1443 1525 1465 ea

884 1486 961 1507 esse
988 1477 1169 1514 sententia,
1196 1480 1233 1507 ut
1259 1477 1329 1508 viro
1351 1477 1440 1509 bono
1461 1477 1523 1510 ho-

882 1526 1050 1553 nestatem
1094 1526 1128 1553 et
1171 1521 1319 1554 officium
1366 1524 1522 1556 omnibus

883 1568 1019 1598 omnino
1046 1567 1167 1605 rebus,
1201 1569 1302 1599 etiam
1330 1569 1392 1610 ipsi
1421 1571 1523 1610 sitae,

883 1613 1121 1668 anteponenda
1150 1623 1226 1645 esse
1253 1615 1438 1649 existimet
1474 1617 1524 1648 De

883 1669 912 1689 ι.
942 1670 1039 1689 ικαια
1066 1660 1119 1689 καὶ
1146 1660 1248 1690 ταῦτα
1282 1671 1312 1690 v.
1339 1660 1380 1692 ad
1401 1662 1523 1703 Remp.

882 1705 946 1736 VL
975 1715 1006 1756 p.
1032 1704 1109 1739 507.
1137 1705 1176 1737 D.
1204 1706 1318 1746 ibique
1344 1717 1419 1741 ann

931 1748 949 1781 ὃ
975 1749 1047 1790 ἐμὲ
1076 1749 1277 1792 αιρήσει]
1314 1753 1431 1793 quod
1459 1764 1522 1785 nie

882 1797 1048 1838 capiet,
1098 1797 1416 1839 deprehendet,
1459 1810 1523 1831 eo-

882 1853 967 1883 que
1003 1844 1241 1885 opprimet.
1275 1843 1303 1877 h.
1339 1855 1366 1876 e.
1400 1846 1526 1877 efficiet

884 1895 920 1920 ut
938 1890 1156 1921 condemner.
1179 1889 1378 1931 Metapinum
1393 1903 1410 1922 a
1423 1902 1523 1923 cursu

884 1935 936 1966 vel
966 1936 1206 1975 persecutione
1234 1934 1344 1967 hostili
1364 1939 1522 1978 repetita.

886 1981 935 2012 De
964 1981 1112 2022 Republ.
1140 1981 1182 2013 X.
1216 1992 1246 2022 ρ.
1274 1981 1351 2015 613.
1391 1984 1429 2014 D.
1470 1982 1524 2014 ἐπὶ

883 2025 998 2056 τέλους
1025 2027 1086 2056 τοῦ
1110 2025 1242 2067 δρόμου
1269 2027 1525 2068 αἱρεθέντες

882 2072 1120 2112 καταγέλαστοι
1142 2074 1324 2114 γίγνονται.
1339 2075 1426 2105 conf.
1441 2076 1524 2107 infra

881 2129 913 2159 p.
930 2118 985 2151 38.
1006 2119 1044 2150 Ι).
1061 2129 1090 2159 p.
1112 2118 1166 2151 39.
1188 2120 1269 2151 AB.
1295 2120 1386 2151 unde
1412 2121 1523 2162 imago

883 2166 989 2195 iucem
1024 2165 1208 2206 pleniorem
1251 2166 1408 2207 recipiet.
1460 2167 1524 2199 Ce-

881 2215 990 2241 terum
1023 2215 1157 2242 constat
1182 2211 1211 2240 in
1237 2210 1313 2242 foro
1341 2219 1522 2253 cognatum

882 2256 1061 2297 καθαιρεῐν
1092 2258 1136 2287 ita
1163 2258 1332 2296 usurpari,
1358 2263 1395 2288 ut
1420 2260 1523 2299 signi-

883 2302 961 2334 ficet
987 2302 1140 2333 damna
1156 2312 1218 2339 re,
1259 2302 1300 2334 de
1336 2313 1402 2344 quo
1434 2306 1526 2336 vocis

883 2358 945 2378 usu
962 2349 1099 2390 exponit
1122 2349 1275 2380 Pollux
1298 2350 1421 2383 Onom.
1432 2351 1522 2383 Vin.

884 2394 938 2427 15.
982 2395 1142 2425 lvsias
1189 2395 1265 2425 adv
1310 2399 1450 2436 Agorat
1491 2408 1523 2438 p.

883 2440 960 2474 467.
991 2438 1050 2482 τὴν
1076 2439 1134 2479 μὲι
1164 2440 1405 2480 καθαιροῦσαι
1439 2443 1523 2484 (ψῆ-

888 2489 970 2526 φοι)
1000 2506 1042 2508 -
1070 2484 1132 2528 τῐιι
1157 2484 1191 2517 δὲ
1224 2483 1413 2526 σώζουσαν.
1440 2489 1468 2519 Ε
1487 2499 1524 2519 n-

884 2533 957 2573 rip.
984 2533 1099 2564 Orest.
1139 2543 1168 2563 v
1194 2533 1273 2567 861.
1306 2534 1462 2565 καθεῖλεν
1488 2531 1524 2575 ἡ-

884 2580 956 2618 μᾶς
983 2578 1110 2633 Sopii.
1140 2580 1243 2618 Antig
1279 2590 1306 2609 v.
1337 2580 1414 2614 275.
1440 2581 1482 2613 al.

931 2621 1000 2656 ἀλλ
1042 2622 1060 2666 ἡ
1094 2643 1134 2648 —
1171 2623 1354 2667 διαβολή
1389 2637 1426 2657 τε
1459 2627 1524 2658 καὶ

886 2669 1084 2711 φθόνος]
1138 2671 1320 2704 Verissime
1363 2672 1526 2704 iudicauit

885 2716 1120 2749 Fisciierus
1155 2715 1237 2748 haec
1277 2718 1379 2750 verba
1421 2719 1523 2751 etiam

887 2764 1008 2796 abesse
1030 2763 1198 2805 potuisse,
1222 2772 1323 2804 quum
1342 2764 1525 2806 praecedat
