1644 3039
255 196 411 240 LXVI

255 312 366 353 rium
396 310 537 351 visum
568 314 658 360 est,
692 321 824 362 quum
855 306 1023 349 illorum
1057 308 1353 364 interpretatio
1385 307 1606 362 aliquanto

254 367 354 424 plus
385 365 608 407 doctarum
636 379 764 420 opum
794 364 1001 418 requirat,
1034 379 1163 418 quam
1195 378 1363 418 eorum,
1399 379 1509 418 quae
1538 379 1608 405 so-

253 425 347 465 lent
377 421 584 479 explicari
605 420 744 462 doctis
769 419 1118 462 adolescentibus
1139 420 1206 460 vel
1233 420 1361 461 etiam
1379 420 1607 463 tironibus.

255 479 344 523 Sed
384 480 466 521 hoc
504 479 547 519 in
585 492 742 533 genere
786 491 919 531 quum
966 476 1264 518 difficillimum
1309 477 1368 518 sit
1417 477 1608 518 omnium

254 535 484 578 desideriis
523 534 797 587 satisfacere,
839 540 930 575 tum
972 534 1008 575 si
1039 533 1083 574 id
1116 533 1337 574 consecuti
1369 533 1527 587 simus,
1560 542 1610 574 ut

254 593 414 635 talibus
445 592 564 639 viris,
589 591 729 645 qualis
760 590 843 631 fuit
862 590 937 644 qui
958 590 1002 631 in
1021 589 1297 631 Bibliotheca
1318 587 1468 632 Critic.
1488 590 1605 632 Nov.

252 649 459 690 Batavor.
492 648 544 689 T.
567 648 625 688 ll.
648 662 690 702 p.
712 648 802 689 117.
838 645 890 687 de
920 653 1069 688 nostra
1097 645 1410 700 interpretandi
1440 646 1608 688 ratione

254 705 515 748 sententiam
546 703 669 757 dixit,
703 703 811 744 haec
842 718 976 757 opera
1005 709 1151 745 nostra
1182 703 1414 758 probetur,
1448 718 1498 744 eo
1529 702 1608 744 im·

252 762 432 818 pensius
462 759 739 812 laetabimur,
773 774 858 814 quo
898 760 1036 816 magis
1069 775 1240 814 semper
1269 758 1314 800 id
1345 758 1606 814 studuimus,

252 826 303 860 ut
333 817 593 860 discentium
614 815 770 858 studiis
791 831 869 872 per
889 831 980 857 eam
1003 832 1081 872 pro
1101 816 1264 857 viribus
1285 814 1606 872 prodessemus.

367 873 500 927 Quod
528 873 743 928 reliquum
771 878 852 926 est,
874 873 1047 928 publice
1067 873 1150 915 hoc
1181 873 1278 914 loco
1309 887 1335 913 a
1363 888 1430 914 me
1461 879 1608 928 grates

285 929 568 973 ersolvendae
606 935 709 972 sunt
735 929 855 971 Viris
895 930 1106 986 egregiis,
1147 929 1234 971 Fr.
1265 929 1523 971 Iacobsio
1565 935 1609 971 et

251 946 369 1030 ξῙαΙ.
415 985 534 1028 Chr.
573 986 656 1028 Fr.
701 985 925 1040 Rostio,
976 986 1050 1040 qui
1096 1001 1183 1027 non
1229 985 1368 1027 solum
1407 985 1607 1042 plagulas

250 1044 368 1101 typis
398 1058 625 1100 expressas
646 1057 921 1097 percensere,
943 1042 1019 1084 sed
1037 1042 1165 1084 etiam
1187 1057 1298 1097 quae
1318 1041 1605 1098 scripsissem,

250 1101 503 1157 priusquam
521 1099 766 1156 typothetis
784 1098 1071 1152 traderentur,
1089 1099 1318 1155 diligenter
1350 1113 1606 1154 percensere

250 1171 406 1211 meque
436 1156 491 1198 de
520 1155 740 1198 nonnullis
769 1154 878 1196 locis
911 1154 1142 1197 admonere
1172 1155 1401 1197 voluerint.

249 1276 502 1321 Scribebam
513 1275 693 1331 Lipsiae
714 1276 824 1331 ipsis
838 1276 1050 1319 Kalendis
1069 1277 1162 1319 Ian.
1178 1274 1605 1320 MDCCCXXVII.

247 1334 405 1375 iterum
434 1348 472 1375 a.
504 1333 545 1375 d.
567 1333 652 1376 III.
677 1332 744 1374 Id.
766 1331 920 1375 Octbr.
941 1332 1400 1376 MDCCCXXXIII.
1430 1335 1605 1377 tertium

248 1389 402 1434 Idibus
445 1390 540 1433 Ian.
592 1387 1234 1489 MDCsssloldicLngLxssiiirmm
1284 1405 1430 1433 mense
1477 1391 1606 1435 Iunio

890 1633 944 1679 G.
992 1633 1543 1679 STALLBAUM.
