1644 3039
236 144 444 186 XXXIV

237 258 424 313 optimae
456 257 659 310 civitatis,
692 256 808 310 quod
839 257 1006 298 civibus
1038 265 1339 313 proposuerat,
1367 274 1450 300 non
1482 260 1580 300 atti-

237 316 314 369 git,
337 314 567 370 plurimum
588 328 745 369 operae
766 313 996 355 collocavit
1020 313 1065 355 in
1097 313 1392 356 describendis
1425 315 1581 357 officiis

238 378 281 411 et
299 371 547 412 muneribus
561 370 890 425 magistratuum
902 376 1031 424 atque
1044 371 1318 412 institutione
1334 387 1580 427 puerorum.

239 427 427 469 Videtur
455 433 598 468 autem
623 426 771 480 Plato,
805 442 937 481 quum
966 428 1101 469 libros
1132 427 1185 468 de
1223 428 1393 484 legibus
1439 428 1581 470 consi-

236 490 405 540 gnaret,
430 485 473 524 in
492 483 633 525 animo
663 483 866 526 habuisse
897 484 1123 525 consilium
1153 484 1261 526 alius
1291 484 1419 526 etiam
1449 485 1584 541 scrip-

236 541 366 582 tionis
398 540 736 595 componendae,
758 555 843 595 qua
872 539 1113 594 doceretur,
1135 556 1244 595 quae
1275 548 1392 583 esset
1421 542 1584 597 optima

236 597 461 639 civitatum
491 596 855 638 emendandarum
885 597 995 638 ratio
1025 613 1104 653 pro
1135 597 1253 638 varia
1277 604 1519 654 temporum
1539 605 1584 639 01

236 654 427 695 locorum
461 653 710 695 conditione
741 654 795 708 ²⁸).
857 652 997 706 Quem
1018 662 1159 695 tamen
1178 654 1333 696 librum
1355 654 1583 709 quominus

236 711 305 752 vel
345 710 572 752 inchoaret
613 711 680 752 vel
727 710 997 763 absolveret,
1038 711 1271 754 senectutis
1309 711 1584 752 imbecillitas

237 774 311 808 aut
351 783 466 809 mors
499 767 733 823 prohibuit.
797 766 921 809 Obiit
952 774 1095 809 31110111
1129 766 1306 824 Olymp.
1340 766 1509 809 CVIII.
1545 770 1580 809 l.

238 840 274 865 a.
306 826 401 866 348.
434 840 471 865 3.
506 824 609 865 Chr.
651 840 693 865 n.
724 839 836 865 anno
868 824 1022 866 aetatis
1055 825 1320 881 octogesimo
1351 824 1489 880 primo
1503 825 1582 878 Ι””““).

349 881 411 922 Ε1
439 881 546 922 haec
576 880 749 936 quidem
779 891 903 933 sunt,
937 896 1046 935 quae
1079 881 1131 922 de
1162 882 1251 922 vita
1279 881 1414 922 divini
1442 880 1584 937 philo-

237 938 366 993 sophi
396 938 465 979 vel
494 938 724 979 memoriae
756 944 857 978 suut
900 937 1072 992 prodita
1101 938 1171 979 vel
1203 953 1255 979 ex
1288 937 1460 993 scriptis
1491 937 1583 979 01118

236 995 452 1050 probabili
484 995 730 1036 coniectura
761 994 906 1050 colligi
929 1001 1125 1049 possunt.
1187 994 1311 1048 Quae
1336 995 1479 1036 omnia
1510 993 1585 1049 qui

236 1067 322 1093 uno
369 1052 490 1106 quasi
533 1052 687 1093 obtutu
719 1050 1116 1104 consideraverint,
1150 1052 1179 1092 ii
1209 1058 1296 1092 tam
1328 1050 1380 1092 de
1409 1051 1490 1092 viri
1519 1052 1584 1091 in-

235 1109 386 1164 genio,
419 1123 549 1162 quam
588 1107 641 1148 de
682 1107 773 1149 eius
812 1107 1088 1163 philosophia
1127 1116 1171 1150 et
1210 1108 1384 1164 scriptis
1425 1107 1584 1149 rectius

235 1164 519 1218 iudicabunt,
553 1179 681 1218 quam
719 1164 815 1205 fieri
853 1164 984 1220 vulgo
1024 1165 1148 1206 solet.
1210 1163 1585 1218 Quemadmodum

237 1222 350 1263 enim
390 1220 592 1263 audiendi
631 1236 717 1261 non
758 1227 859 1262 sunt
898 1221 971 1275 qui
1002 1221 1227 1262 Platonem
1259 1220 1452 1277 singulas
1482 1219 1586 1262 doc-

236 1279 375 1320 trinae
407 1293 510 1320 suae
554 1284 700 1333 partes
733 1292 785 1318 ex
815 1277 996 1319 aliorum
1026 1277 1384 1333 philosophorum
1413 1276 1585 1332 placitis

237 1336 467 1391 collegisse
498 1334 774 1386 dictitarunt,
807 1334 867 1375 ita
899 1335 1028 1375 etiam
1057 1334 1332 1375 reiiciendam
1362 1348 1585 1376 censemus

237 1392 484 1447 opinionem
515 1406 688 1443 eorum,
723 1391 796 1444 qui
834 1391 953 1431 illum
1000 1390 1314 1432 contenderunt
1344 1390 1446 1432 solis
1476 1389 1586 1431 ideis

238 1449 361 1503 quasi
393 1448 586 1490 deditum
626 1453 667 1488 et
696 1453 863 1488 tantum
893 1463 980 1488 non
1013 1454 1312 1489 consecratum
1342 1447 1500 1500 fuisse,
1532 1446 1585 1488 ab

238 1506 353 1547 omni
394 1521 537 1547 rerum
571 1504 855 1545 humanarum
885 1504 1163 1545 meditatione
1194 1510 1405 1545 remotum
1435 1510 1479 1544 01
1509 1503 1587 1544 311-

237 1578 378 1604 01111111.
439 1561 614 1603 Etenim
644 1567 737 1602 tota
754 1560 949 1602 Platonis
983 1561 1196 1616 sapientia
1216 1561 1442 1616 paullatim
1463 1559 1587 1614 quasi

236 1626 337 1660 nata
368 1626 434 1661 est
464 1634 516 1660 ex
544 1617 713 1665 3013115,
743 1632 828 1671 qua
856 1617 950 1672 ipse
980 1618 1100 1670 vixit,
1127 1617 1353 1671 institutis,
1378 1616 1585 1669 moribus,

238 1676 529 1732 opinionibus,
573 1674 761 1726 iudiciis,
794 1673 1026 1715 adiuvante
1058 1681 1235 1715 naturae
1267 1674 1476 1726 bonitate,
1499 1688 1587 1728 qua

239 1733 440 1774 excelluit
470 1731 783 1787 philosophus,
815 1738 865 1772 111
905 1731 998 1771 fieri
1036 1747 1124 1772 non
1153 1731 1364 1787 potuerit,
1398 1730 1501 1784 quin
1531 1729 1587 1770 ad

239 1788 388 1831 eadem
429 1790 558 1830 etiam
600 1788 853 1841 referretur,
898 1788 1153 1842 praesertim
1194 1802 1324 1841 quum
1363 1785 1589 1828 accederet

238 1861 382 1887 rerum
421 1860 528 1887 usus
560 1860 612 1886 ex
644 1844 864 1886 hominum
895 1844 1127 1886 multorum
1157 1843 1468 1886 consuetudine
1499 1842 1588 1884 col-

239 1903 392 1944 lectus.
464 1901 610 1954 Quum
662 1907 805 1941 autem
859 1900 1123 1942 indefessum
1162 1901 1357 1942 veritatis
1396 1898 1589 1942 studium

239 1959 550 2014 philosophum
578 1957 835 2012 impulisset,
858 1963 907 1997 111
938 1958 1208 2011 superiorum
1231 1956 1588 2012 philosophorum

240 2016 403 2070 placita
452 2014 788 2070 pervestigaret,
831 2020 1140 2068 cognosceret,
1188 2014 1453 2069 exploraret,
1495 2018 1588 2053 tum

240 2073 404 2128 ingenii
433 2073 570 2113 virtus
602 2077 645 2111 01
674 2071 940 2124 praestantia
981 2069 1147 2123 effecit,
1179 2076 1227 2110 111
1257 2084 1396 2124 neque
1428 2076 1588 2110 temere

240 2125 323 2171 illis
367 2129 687 2184 acquiesceret,
732 2133 774 2168 01
810 2127 1033 2182 paullatim
1078 2126 1132 2168 ad
1173 2141 1266 2168 eam
1305 2125 1590 2168 contenderet

240 2186 541 2241 philosophiae
572 2184 874 2239 perfectionem
917 2190 959 2224 01
997 2183 1316 2236 excellentiam,
1350 2197 1460 2237 quae
1501 2197 1588 2223 non

242 2242 382 2284 solum
414 2240 688 2297 aequalibus,
721 2239 797 2282 sed
828 2241 957 2281 etiam
995 2241 1180 2295 posteris
1219 2240 1371 2282 merito
1399 2239 1493 2281 visa
1523 2250 1589 2280 est

242 2314 421 2355 prorsus
453 2298 687 2354 singularis
720 2304 762 2338 et
791 2312 926 2352 paene
958 2296 1115 2338 divina.

358 2356 448 2397 Iam
492 2370 594 2396 vero
636 2360 889 2408 reputantes
927 2354 1092 2407 animo,
1137 2353 1274 2409 qualis
1315 2352 1446 2394 fuerit
1473 2352 1588 2394 vitae

244 2428 420 2466 cursus,
454 2427 580 2468 quem
612 2409 897 2467 philosophus
927 2425 1124 2453 emensus
1157 2417 1242 2460 est3
1273 2425 1400 2466 porro
1430 2408 1587 2462 quibus

288 2612 324 2653 *)
353 2612 394 2643 V.
421 2612 546 2644 Dilth
562 2624 610 2654 ey
637 2614 672 2644 in
697 2613 868 2644 Examine
889 2612 1149 2644 Platonicorum
1173 2613 1340 2644 librorum
1366 2613 1408 2643 de
1434 2611 1589 2652 Legibus·

338 2658 428 2698 p.1O
453 2669 516 2700 sq„
547 2661 604 2700 qui
631 2660 696 2690 hoc
722 2659 796 2690 veri
821 2659 981 2690 similiter
1005 2660 1146 2701 collegit
1160 2669 1200 2690 ex
1216 2660 1294 2690 loco
1321 2659 1399 2689 libri
1418 2656 1588 2698 v.p.739.

267 2727 323 2769 *Ἴ
350 2726 395 2758 ·V.
420 2726 597 2768 Cor-«in.
625 2729 652 2762 1.
678 2739 701 2759 (·,.
732 2739 763 2769 p.
789 2727 844 2761 37.
870 2726 1005 2760 Cicer.
1033 2727 1108 2759 Cat.
1134 2728 1213 2759 mai.
1240 2738 1267 2761 c,
1292 2728 1324 2759 ἴ).
