1644 3039
257 161 465 205 XXXVI

373 276 432 318 Et
462 275 644 331 primum
675 272 846 326 quidem
868 289 1004 329 genus
1030 273 1330 328 complectitur
1349 289 1422 316 eos
1452 275 1601 326 libros,

260 335 336 390 qui
365 332 516 387 scripti
556 340 658 372 sunt
696 345 720 370 a
753 330 934 372 Platone
965 331 1018 371 ab
1053 346 1102 371 eo
1134 329 1234 372 inde
1267 337 1481 387 tempore,
1515 348 1601 386 quo

261 448 494 456 ——m-q-„e—
504 447 523 451 -4

352 504 533 535 verissime
561 502 609 533 ibi
643 501 890 544 Scioppius
926 503 1168 542 corrigendum
1199 502 1288 532 vidit
1317 502 1359 532 in
1385 507 1601 542 quattuor

350 548 635 586 fluminibus,
663 558 753 590 quae
778 548 977 579 coniectura
993 558 1102 588 nuper
1121 548 1224 578 eliam
1241 546 1365 579 Odof.
1395 547 1598 579 Miillero

351 596 452 626 unice
484 594 632 636 probata
663 600 724 626 est.
780 593 905 635 Inepta
940 595 1045 635 igitur
1080 604 1120 625 ac
1151 604 1259 635 prope
1303 592 1399 624 fatua
1438 597 1489 625 est
1532 595 1601 625 ista

349 641 527 682 Thrasylli
556 641 657 673 ratio.
707 641 756 671 At
793 642 955 672 nimirum
988 641 1126 671 videtur
1161 641 1272 670 bonus
1304 639 1409 670 homo
1435 649 1600 681 perverso

352 688 468 718 studio
494 687 685 718 aemulatus
711 696 785 718 esse
810 687 1027 727 superiorum
1045 687 1243 717 criticorum
1261 686 1394 724 laudes,
1409 687 1467 726 qui
1494 695 1602 726 opera.

353 733 535 765 Platonica
567 742 638 763 non
671 733 859 764 secundum
892 733 1114 774 tetralogias,
1140 737 1178 762 ut
1201 733 1274 772 ipse
1306 732 1437 772 voluit,
1462 733 1523 763 sed
1547 741 1600 763 se-

351 779 500 810 cundum
541 779 700 819 trilogias
738 779 1003 819 disposuissent.
1052 777 1154 815 Quod
1186 779 1324 820 quidem
1356 777 1600 810 Alexandrina

352 825 485 856 critices
518 829 630 856 aetate
669 826 718 855 ita
749 825 879 855 factum
916 834 991 855 esse
1018 829 1164 855 constat.
1212 824 1349 855 Audias
1381 824 1471 855 enim
1502 824 1598 855 Dio-

350 881 500 910 genem
526 871 666 902 Laert.
692 871 714 901 l.
743 881 767 901 cr
797 870 826 911 ξ
841 871 901 904 61:
930 871 1013 901 ἔνιοι
1040 869 1085 907 δέ,
1112 863 1159 900 ὦν
1183 867 1252 900 ἐστι
1278 869 1331 900 καὶ
1355 866 1600 910 Ἀριστοφάνης

351 913 370 946 ὀ
401 913 644 957 γραμματικός,
675 915 723 947 εἰς
767 917 935 958 τριλογίας
970 916 1104 947 ἕλκουσι
1137 913 1218 946 τοὺς
1250 912 1443 956 διαλόγους.
1497 914 1601 953 Quod

352 963 490 1004 quidem
528 963 650 994 eodem
690 967 778 994 teste
811 963 902 993 hunc
933 964 968 993 in
1000 963 1139 993 modum
1172 963 1340 993 fecerunt.
1395 962 1600 993 statuerunt

349 1010 440 1039 enim
467 1010 611 1050 primam
638 1009 815 1049 trilogiam
841 1009 961 1040 confici
989 1014 1022 1039 et
1046 1009 1180 1039 absolvi
1207 1008 1417 1049 Republica,
1441 1008 1598 1046 Timaeo,

350 1055 477 1095 Critia3
503 1054 689 1086 secundam
712 1054 889 1095 Sopliista‚
910 1055 1072 1093 l'olitico,
1090 1055 1254 1095 (Iratyloq
1280 1055 1418 1085 tertiam
1434 1054 1600 1095 Legibus,

348 1101 488 1143 Minoe,
515 1100 745 1140 Epinomide;
780 1105 939 1141 quartam
965 1100 1179 1134 Theaeteto.
1205 1100 1477 1141 Euthyphrone,
1502 1103 1599 1141 Apo-

349 1147 469 1187 logia;
495 1147 648 1186 quintam
675 1146 836 1185 Critone,
873 1146 1077 1186 Phaedone,
1111 1147 1303 1188 Epistolis3
1336 1152 1451 1177 cetera
1485 1154 1599 1177 autem

350 1194 478 1233 scripta
511 1193 707 1232 promiscue
742 1202 781 1223 ac
821 1193 895 1222 sine
929 1192 1052 1223 ordine
1091 1198 1301 1234 posuerunt,
1334 1202 1438 1232 quum
1468 1193 1600 1223 seilicet

348 1239 526 1269 dividendi
563 1238 742 1277 negotium
783 1237 908 1269 dehinc
941 1238 1145 1278 procederet
1168 1248 1288 1278 parum
1313 1247 1490 1278 prospere.
1537 1237 1599 1269 Ni-

347 1285 471 1316 mirum
496 1283 690 1324 pr‹·babilis
715 1294 798 1315 sane
823 1284 932 1315 videri
960 1285 1072 1324 potuit
1104 1283 1187 1316 haec
1213 1284 1427 1322 distributio,
1445 1284 1600 1324 quando-

349 1332 489 1371 quidem
528 1329 758 1370 philosophus
791 1331 865 1370 ipse
897 1335 1014 1361 ternos
1053 1340 1228 1361 sermones
1268 1330 1358 1361 inter
1395 1340 1431 1362 se
1473 1331 1600 1361 arctius

349 1378 553 1408 coniunctos
583 1375 636 1407 bis
661 1377 832 1415 promisit,
858 1377 1005 1416 primum
1022 1377 1161 1417 quidem
1179 1376 1391 1417 sophistam,
1415 1376 1598 1406 Politieum

349 1428 383 1454 et
410 1422 681 1462 Philosophum,
710 1431 855 1461 quorum
889 1426 1004 1452 tamen
1038 1426 1231 1462 postremus
1266 1431 1335 1452 non
1361 1421 1423 1452 sub
1449 1422 1515 1452 hoc
1539 1431 1598 1452 no·

346 1469 450 1507 mine,
476 1468 536 1499 sed
561 1468 689 1507 potius,
716 1472 751 1497 ut
779 1468 928 1506 videtur,
950 1467 1164 1498 parmenidis
1189 1468 1328 1498 nomine
1353 1467 1538 1507 insignitus
1563 1467 1599 1498 in

347 1516 522 1556 publicum
546 1514 693 1553 prodiit;
718 1513 760 1544 de
786 1523 855 1553 quo
874 1524 903 1544 ν.
934 1514 1094 1554 Prolegg.
1121 1514 1165 1544 ad
1182 1513 1383 1553 Sophistam
1411 1514 1596 1554 p.45sqq.:
1623 1525 1626 1528 ·

346 1562 472 1592 deinde
505 1559 608 1590 etiam
648 1559 925 1600 Rempublieam,
957 1559 1137 1590 'l‘inmeum
1170 1564 1274 1599 atque
1309 1558 1473 1602 Critiam‚
1509 1569 1598 1601 quos

348 1612 506 1647 apertum
542 1610 594 1636 est
624 1606 753 1637 arctius
789 1607 879 1636 inter
911 1614 948 1636 se
984 1606 1187 1636 coniunctos
1225 1615 1311 1637 esse.
1360 1605 1599 1637 Nihilominus

349 1658 463 1684 autem
490 1651 630 1682 minime
654 1660 770 1682 errare
802 1652 959 1682 videmur
993 1652 1084 1683 hanc
1117 1661 1254 1691 quoque
1288 1651 1455 1682 librorum
1481 1652 1598 1683 Plato-

346 1700 503 1731 nieorum
513 1697 793 1728 distributionem
808 1698 1047 1729 existimantes
1064 1697 1367 1737 grammaticorum
1384 1698 1529 1729 arbitrio
1544 1708 1599 1729 ac-

348 1749 482 1785 ceptam
511 1744 644 1774 referri.
696 1742 868 1774 Nimirum
906 1743 1131 1774 instituerunt
1171 1753 1245 1774 eam
1278 1743 1512 1774 Alexandrini
1548 1746 1597 1775 rei

347 1791 511 1822 librariae
539 1799 672 1821 caussa.
721 1789 871 1820 Deducti
898 1795 1012 1821 autem
1040 1791 1072 1820 in
1100 1789 1193 1820 illam
1219 1795 1299 1819 sunt
1324 1800 1364 1820 eo
1391 1790 1480 1829 ipsov
1505 1791 1599 1830 quod

346 1838 447 1868 binas
469 1836 627 1876 trilogias
641 1835 807 1866 librorum
829 1836 1088 1867 Platonicorum
1106 1835 1421 1866 animadverterent
1435 1840 1598 1877 tanquam

347 1888 483 1914 exstare
517 1884 551 1911 in
578 1881 776 1922 propatulo,
805 1892 844 1913 ac
875 1888 1056 1921 praeterea
1080 1881 1316 1913 meminissent
1342 1880 1522 1912 Platonem
1547 1882 1598 1912 iu-

347 1939 469 1960 venem
506 1927 689 1967 scripsisse
729 1931 762 1957 et
794 1927 828 1957 in
859 1937 996 1959 scenam
1029 1928 1192 1959 iuducere
1227 1928 1380 1958 voluisse
1419 1928 1596 1967 trilogiam

346 1975 536 2015 tragicam3
561 1982 604 2003 ex
630 1982 699 2013 qua
722 1974 917 2007 naratione,
944 1974 987 2004 de
1014 1984 1081 2014 qua
1107 1983 1136 2003 v.
1165 1973 1331 2005 Aelian.
1358 1973 1479 2007 Varr.
1505 1973 1597 2006 Hist.

347 2020 394 2053 11.
427 2019 481 2053 30.
514 2019 633 2058 ibique
674 2019 803 2059 intpp..
835 2020 1004 2050 continuo
1040 2019 1207 2058 suspicati
1241 2023 1322 2050 sunt
1351 2019 1598 2060 philosophum

347 2067 451 2098 etiam
484 2065 642 2105 dialogos
674 2074 757 2095 suos
789 2064 834 2095 ad
871 2065 1087 2106 tri=ogiarum
1124 2064 1384 2096 similitudinem
1419 2074 1596 2106 compara-

349 2113 451 2144 visse.
498 2111 547 2142 At
592 2111 682 2142 enim
716 2120 799 2141 vero
836 2111 996 2143 homines
1033 2110 1154 2150 optimi
1188 2120 1268 2142 mox
1303 2111 1370 2152 ipsi
1403 2115 1597 2146 senserunt,

347 2169 449 2200 quam
474 2157 640 2188 lubricam
668 2156 758 2187 viam
785 2162 903 2188 essent
922 2157 1071 2198 ingressi
1099 2156 1248 2197 ideoque
1279 2166 1366 2198 opus
1398 2156 1596 2189 inchoatum

346 2209 546 2246 neutiquam
561 2201 803 2243 profligarunt,
821 2204 883 2234 sed
902 2203 936 2234 in
963 2203 1078 2236 medio
1094 2202 1322 2243 reliquerunt,
1338 2204 1467 2244 quippe
1491 2213 1597 2244 quum

347 2251 456 2293 probe
499 2249 818 2281 animadverterent
857 2249 1041 2290 plerosque
1086 2249 1248 2288 dialogos
1285 2253 1355 2281 tam
1390 2254 1598 2290 argumento

347 2306 450 2338 quam
482 2295 595 2326 forma
629 2299 663 2326 et
695 2296 946 2335 compositione
970 2296 1021 2327 ita
1044 2304 1119 2326 esse
1145 2301 1382 2335 comparatos,
1409 2300 1446 2326 ut
1469 2296 1513 2327 ad
1537 2296 1597 2326 tri-

345 2343 518 2383 logiurum
540 2340 819 2372 coniunctionem
844 2342 985 2373 minime
1010 2340 1230 2382 quadrarent.
1279 2340 1358 2379 Quo
1382 2343 1495 2382 magis
1518 2351 1597 2382 pro-

344 2388 438 2420 fecto
463 2396 662 2430 perversum
688 2387 800 2418 videri
824 2387 928 2419 debet
957 2397 1076 2419 eorum
1109 2386 1286 2427 iudicium,
1310 2388 1370 2429 qui
1401 2388 1455 2419 vel
1487 2397 1597 2428 nuper

346 2435 462 2466 adhuc
495 2432 748 2465 contenderunt
785 2433 1004 2474 trilogiarum
1045 2432 1253 2464 divisionem
1292 2433 1478 2465 admodum
1520 2442 1598 2465 esse

347 2482 524 2522 antiquam
559 2480 716 2520 adeoque
743 2478 784 2508 ab
816 2479 893 2519 ipso
922 2479 1068 2511 Platone
1099 2479 1311 2519 institutam,
1338 2489 1406 2520 quo
1441 2484 1597 2520 tempore

349 2537 453 2559 senex
499 2526 718 2567 grandaevus
752 2525 882 2566 scripta
913 2536 976 2557 sua
1000 2525 1174 2566 perpolire
1200 2529 1234 2555 et
1258 2525 1293 2555 in
1323 2526 1480 2557 ordinem
1507 2526 1596 2556 redi·

346 2583 428 2613 gere
455 2571 684 2603 constituerit.
731 2568 822 2602 Nam
856 2577 949 2603 caret
981 2576 1073 2602 certe
1098 2570 1182 2603 haec
1206 2571 1327 2610 opinio
1353 2573 1495 2604 omnino
1520 2571 1595 2602 fun·

347 2619 509 2651 damento
547 2616 683 2649 idoneo.
737 2616 807 2648 Sed
843 2617 929 2650 haec
968 2618 1106 2659 quidem
1137 2617 1180 2648 de
1210 2617 1408 2649 criticorum
1440 2621 1596 2649 veterum

345 2666 503 2697 consiliis
528 2667 562 2694 et
590 2662 796 2695 rationibus.
846 2663 1029 2705 Pergimus
1055 2663 1099 2695 ad
1115 2662 1336 2695 recentiores.
1387 2664 1442 2695 Ex
1468 2663 1593 2704 quibus

345 2711 485 2752 quidem
519 2709 660 2742 silentio
690 2709 926 2742 transmittere
958 2711 1072 2752 placet
1096 2708 1322 2741 Francisc.
1353 2709 1594 2742 Patricium

349 2760 382 2786 et
411 2754 653 2788 Samuelem
686 2754 900 2795 petitum,
931 2765 1078 2796 quorum
1116 2755 1204 2786 altor
1239 2754 1275 2785 in
1307 2754 1594 2791 Discussionibus
