1644 3039
261 163 374 205 vm

257 289 442 318 summas
483 281 526 316 et
557 275 680 330 quasi
712 276 855 332 capita
896 276 1127 332 decerpere
1159 275 1436 328 conabimur,
1478 283 1609 330 atque

259 348 310 374 ex
345 347 475 373 onere
518 347 592 386 ea,
642 347 753 386 quae
783 333 911 374 huius
942 333 1041 375 libri
1073 332 1255 375 consilio
1287 332 1610 374 accommodata

256 389 297 429 vi
334 394 506 430 eantur:
552 404 662 443 quae
706 389 947 446 longiorem
988 397 1032 432 et
1072 388 1340 431 subtiliorem
1384 389 1611 444 requirunt

257 445 596 502 disputationem
629 452 704 487 aut
744 446 887 489 multis
919 446 1060 488 adhuc
1092 445 1279 488 obnoxia
1309 452 1409 487 sunt
1439 445 1609 487 dubita-

256 502 464 555 tionibus,
489 517 539 542 ea
560 502 629 543 vel
654 503 823 544 silentio
844 504 1202 554 transmittemus,
1226 503 1293 544 vel
1313 502 1466 543 leviter
1485 503 1610 556 quasi

258 559 542 614 attingemus,
583 558 676 613 vel,
723 560 759 601 si
798 575 866 602 res
907 560 969 603 ita
998 561 1132 612 ierat,
1176 559 1220 600 in
1251 559 1608 614 praefationibus,

259 630 369 670 quas
401 615 584 672 singulis
616 616 737 657 libris
768 617 1042 672 praemittere
1076 616 1254 672 placuit,
1286 616 1608 658 illustrabimus.

373 672 517 714 Natus
549 678 614 714 est
644 673 770 714 Plato
799 673 984 715 Athenis
1016 673 1153 715 nobili
1182 687 1355 729 genere,
1387 687 1440 714 ex
1470 671 1506 713 C
1524 688 1547 714 o
1566 688 1608 713 r·-

257 728 401 770 sinii
432 728 624 782 ratione,
658 744 768 783 quae
799 730 835 771 si
866 745 952 771 non
982 745 1099 782 vera,
1133 737 1248 771 certe
1280 744 1383 770 vero
1413 729 1610 784 proxima

258 800 353 826 esse
391 784 588 838 videtur,
630 785 883 842 Olympiad.
915 786 1205 827 LXXXVII.
1237 788 1276 827 3.
1308 785 1375 827 vel
1405 789 1469 839 4‚,
1501 785 1542 826 h.
1573 801 1610 827 e.

257 857 292 884 a.
323 843 405 882 429
437 857 474 882 a.
508 840 610 883 Chr.
642 858 682 885 n.
716 843 771 897 ²¹⁶).
843 843 1051 885 Parentes
1093 843 1246 885 habuit
1275 843 1524 884 Aristonem
1566 848 1611 883 et

257 898 576 955 Perictyonem,
609 898 661 940 de
693 900 849 954 quibus
880 900 985 941 nihil
1024 900 1112 941 fere
1144 899 1374 941 memoriae
1404 898 1611 940 traditum

260 961 348 1009 est,
390 961 433 996 et
464 971 595 1010 quum
625 971 780 997 nomen
811 957 1070 1009 Aristoelis,
1118 958 1186 998 avi
1218 957 1308 1009 sui,
1350 956 1608 1011 accepisset,

260 1019 415 1067 postea
445 1027 469 1052 a
501 1012 680 1054 Socrate
711 1019 891 1068 propter
920 1014 1194 1055 humerorum
1225 1020 1299 1055 aut
1332 1013 1484 1054 frontis
1513 1012 1610 1053 lati-

258 1067 451 1109 tudinem
491 1069 617 1110 Plato
659 1070 901 1125 appellatus
942 1086 1037 1112 esse
1078 1070 1248 1113 dicit-ur.
1320 1068 1609 1122 Quemadmo-

259 1124 361 1165 dum
397 1131 540 1166 autem
580 1133 733 1167 natura
773 1142 868 1168 eum
911 1126 1142 1183 praeclaris
1183 1126 1344 1183 ingenii
1394 1126 1610 1180 animique

258 1181 453 1234 dotibus,
495 1182 790 1237 imprimisque
833 1184 1038 1225 acerrimo
1076 1184 1191 1236 veri,
1235 1183 1335 1225 boni
1366 1189 1409 1223 et
1439 1182 1611 1224 honesti

258 1253 388 1280 sensu
420 1246 661 1292 ornaverat,
697 1239 757 1280 ita
789 1240 964 1282 fortuna
994 1256 1090 1281 eum
1115 1240 1296 1292 adiuvit,
1329 1245 1378 1280 ut
1409 1238 1625 1294 acceptas*

257 1311 281 1336 a
320 1302 473 1336 natura
510 1294 633 1337 dotes
675 1295 967 1338 doctrinarum
1009 1297 1250 1351 artiumque
1293 1311 1374 1351 ope
1422 1295 1612 1337 erudiret

257 1358 300 1393 et
331 1351 561 1393 excoleret.
622 1352 820 1394 Imbutus
862 1360 928 1395 est
966 1354 1078 1394 enim
1118 1354 1169 1394 iis
1201 1353 1365 1394 artibus
1397 1352 1609 1405 omnibus,

257 1409 415 1463 quibus
446 1408 623 1449 iuvenes
654 1409 961 1463 Athenienses,
992 1410 1190 1465 ingenuis
1222 1409 1473 1464 parentibus
1502 1409 1609 1462 nati,

258 1464 417 1506 erudiri
450 1465 669 1519 solebant,
711 1465 842 1521 idque
875 1482 924 1507 eo
957 1473 1174 1522 tempore,
1227 1482 1312 1520 quo
1343 1465 1422 1507 flos
1455 1465 1609 1506 artium

258 1537 307 1563 ac
347 1520 670 1576 disciplinarum
711 1523 754 1563 in
795 1524 968 1564 civitate
998 1524 1266 1565 Athenarum
1307 1521 1362 1563 ad
1402 1537 1609 1563 summam

256 1594 391 1634 paene
433 1579 725 1620 maturitatem
766 1587 1035 1635 pervenerat.
1103 1580 1301 1621 Devictis
1342 1579 1455 1620 enim
1495 1584 1610 1619 terra

257 1635 449 1689 marique
481 1635 677 1677 hostibus
710 1637 868 1678 exteris
909 1643 951 1678 et
980 1637 1207 1678 universae
1239 1635 1451 1677 Graeciae
1481 1635 1609 1676 liber-

256 1699 345 1733 tate
392 1691 634 1745 vindicata,
677 1693 995 1746 Athenienses,
1042 1709 1183 1734 rerum
1223 1693 1473 1734 bellicarum
1515 1698 1609 1733 tan-

258 1764 384 1803 quam
418 1748 615 1790 satietate
648 1751 789 1805 capti,
830 1751 949 1806 pacis
981 1750 1146 1792 artibus
1176 1756 1298 1791 tanto
1331 1749 1474 1791 studio
1506 1764 1609 1804 ope-

258 1821 347 1846 ram
378 1820 535 1846 navare
568 1813 822 1861 coeperant,
856 1814 904 1848 ut
937 1822 1082 1849 eorum
1113 1807 1217 1848 urbs
1248 1805 1372 1848 sedes
1404 1806 1528 1860 quasi
1558 1820 1609 1847 ac

259 1861 522 1903 domicilium
562 1861 856 1904 doctrinarum
898 1864 1138 1905 liberalium
1182 1863 1426 1905 haberetur.
1496 1862 1608 1903 Tum

257 1919 467 1972 praeclari
500 1919 758 1960 exstiterunt
789 1920 1065 1961 historiarum
1097 1920 1354 1976 scriptores,
1387 1918 1608 1974 Thucydi-

258 1975 332 2016 des
365 1982 406 2015 et
439 1975 712 2029 Xenophon,
747 1977 819 2030 qui
855 1977 1028 2018 Platoni
1059 1978 1146 2017 fere
1179 1976 1379 2030 aequales
1412 1976 1605 2025 fuerunt3

256 2040 347 2072 tum
377 2033 419 2072 in
454 2047 625 2073 scenam
656 2032 912 2087 prodierunt
936 2032 1174 2089 Sophocles
1207 2041 1336 2087 atque
1356 2032 1605 2087 Euripides,

259 2095 300 2130 et
331 2089 372 2129 in
407 2088 577 2129 diverso
609 2104 768 2145 genere
801 2090 1118 2145 Aristophanes
1149 2096 1191 2130 et
1221 2088 1489 2142 Menander,
1533 2089 1607 2143 qui

258 2146 412 2187 ceteris
455 2145 593 2201 poetis
636 2161 772 2201 paene
802 2148 1000 2189 omnibus
1034 2147 1218 2201 palmam
1251 2147 1606 2201 praeripuerunt3

255 2211 344 2244 tum
394 2202 641 2257 eloquentia
690 2202 748 2243 ita
794 2204 876 2245 coli
919 2204 1184 2257 tractarique
1227 2210 1381 2258 coepta
1421 2209 1510 2256 est,
1558 2209 1607 2243 ut

368 2405 602 2438 Susemilul.
629 2407 752 2438 Geurt
783 2406 979 2439 Entwickol.
1006 2406 1067 2439 der
1095 2406 1182 2439 plat.
1203 2406 1330 2438 philos.
1357 2406 1481 2438 v01.1.
1511 2405 1604 2444 [ἱρῇ.
1643 2438 1644 2444 ,

367 2451 464 2487 1855.
489 2451 512 2485 8
552 2452 628 2485 mai.
657 2454 748 2484 Car.
781 2451 1028 2484 Steiuhart.
1057 2454 1086 2484 iu
1118 2451 1229 2485 l‘raef.
1261 2451 1302 2484 ad
1340 2451 1521 2484 mulleri
1546 2452 1606 2482 In·
1643 2446 1644 2452 ¹

371 2503 514 2539 terpret.
544 2498 678 2531 Platon.
705 2499 822 2530 Germ.
849 2498 930 2540 alit]

298 2545 328 2582 ‘J
356 2545 504 2576 Aliorum
535 2544 712 2584 opiniones
750 2545 924 2576 recensuit
958 2545 1108 2575 Astius
1135 2555 1167 2585 p.
1196 2544 1240 2578 14
1266 2554 1315 2584 sq.
1366 2542 1410 2575 Et
1438 2553 1466 2576 v.
1494 2543 1603 2584 ipsum

364 2588 611 2622 Cominium
646 2590 770 2631 disput.
806 2590 848 2621 de
881 2590 982 2621 natali
1017 2590 1070 2621 die
1100 2591 1271 2622 Platonis.
1316 2589 1388 2620 eius
1422 2593 1536 2621 aetate
1571 2593 1606 2619 et

362 2635 539 2667 itineribus
575 2635 606 2667 in
639 2636 715 2669 Ital.
754 2636 783 2668 iu
821 2637 941 2667 Gorii
975 2636 1128 2677 Symbol.
1155 2636 1317 2668 Litterar.
1345 2635 1386 2666 T.
1419 2635 1470 2666 vl.
1501 2645 1533 2676 p.
1560 2633 1605 2667 83

361 2692 434 2720 squ.
493 2680 701 2714 Corsinio
735 2682 921 2714 assentitur
952 2683 1148 2715 Cliuton.
1185 2681 1278 2714 Fast.
1323 2681 1456 2714 Hellen.
1492 2690 1523 2721 p.
1561 2679 1604 2714 66

362 2726 401 2758 vel
445 2727 552 2767 Kriig.
