1644 3039
1303 189 1364 230 ΙΙ,

12 301 168 357 placita
197 300 466 354 accuratius,
500 306 547 341 ut
590 298 829 341 mirandum
878 315 962 342 non
1007 301 1063 342 sit
1093 316 1189 342 eum
1223 309 1363 343 aetate

11 356 327 400 adolescentiae
359 372 506 399 eorum
536 357 699 413 copiis,
732 357 768 397 si
801 372 910 412 quae
942 358 1026 413 ipsi
1059 359 1362 414 suppetierint,

12 414 263 469 neutiquam
292 429 418 455 usum
448 429 555 456 esse.

124 475 272 525 Atque
318 470 425 512 haec
477 469 650 525 quidem
693 469 746 510 de
785 469 868 511 hoc
912 485 1069 526 genere
1109 471 1367 526 scriptorum

11 528 234 581 Platonis,
270 527 322 568 de
354 528 508 582 quibus
539 526 637 568 ideo
669 526 949 582 exposuimus
994 528 1139 582 paullo
1170 529 1362 581 uberius,

11 585 213 639 quoniam
260 600 408 626 eorum
443 584 678 625 auctoritas
719 591 849 638 atque
890 583 998 625 fides
1042 591 1192 626 nostra
1223 592 1365 626 aetate

11 658 36 683 a
66 642 169 684 viris
213 641 476 683 doctissimis
508 656 636 696 saepe
668 641 711 680 in
744 640 1058 682 dubitationem
1090 649 1247 683 vocata
1279 650 1359 685 est.

11 698 239 740 Breviores
261 699 416 740 erimus
449 696 500 738 de
531 697 685 739 ceteris
716 697 968 752 philosophi
991 699 1209 753 operibus,
1243 715 1366 755 prae-

11 756 158 798 sertim
189 771 319 810 quum
351 758 435 796 iam
462 755 505 795 in
536 754 832 810 superioribus
865 756 1206 810 exposuerimus,
1235 773 1365 810 quor-

11 827 104 854 sum
137 827 187 852 ea
217 812 391 853 omnino
422 811 603 853 tendant
631 818 674 852 et
696 811 913 865 quomodo
940 812 1050 852 inter
1080 812 1175 867 ipsa
1205 813 1363 854 cohae-

9 874 145 912 reant.
222 867 532 925 Progredimur
588 869 722 924 igitur
777 868 832 909 ad
880 867 1118 910 secundum
1172 869 1367 911 ordinem

12 941 188 981 operum
204 925 544 979 Platonicorum,
555 925 660 980 ipsis
680 932 936 980 temporum,
951 941 1061 979 quae
1079 925 1365 982 philosophus

13 988 218 1038 expertus
248 988 338 1036 est,
370 982 744 1024 vicissitudinibus
775 983 899 1037 quasi
931 981 1203 1038 designatum
1236 991 1366 1037 atque

11 1039 398 1094 circumscriptum.
466 1038 783 1094 Complectitur
829 1040 941 1080 enim
988 1039 1059 1080 ille
1101 1040 1233 1082 libros
1274 1056 1365 1093 eos,

13 1112 121 1151 quos
144 1096 271 1137 Plato
294 1095 394 1137 inde
417 1111 442 1138 a
469 1102 663 1152 tempore
680 1097 929 1150 Megarensi
960 1096 1230 1151 maximeque
1263 1112 1366 1138 con-

12 1153 138 1195 fectis
170 1153 321 1208 primis
352 1153 577 1195 itineribus
609 1153 709 1195 inde
741 1154 794 1195 ab
826 1153 967 1194 reditu
999 1154 1042 1194 in
1073 1155 1280 1210 patriam,
1316 1170 1367 1196 ex

12 1225 97 1264 quo
128 1210 447 1266 philosophiam
475 1211 520 1251 in
550 1209 789 1252 Academia
820 1210 992 1252 tradere
1025 1211 1196 1266 coepit,
1229 1227 1367 1265 usque

13 1266 67 1307 ad
108 1267 285 1308 alteram
325 1267 370 1307 in
402 1266 597 1309 Siciliam
627 1267 939 1323 profectionem
972 1267 1040 1308 vel
1072 1267 1228 1309 litteris
1263 1284 1366 1309 con-

13 1323 205 1379 signavit
242 1322 311 1364 vel
355 1323 399 1364 in
440 1324 579 1364 lucem
608 1324 826 1379 publicam
858 1324 1010 1366 emisit.
1075 1323 1163 1377 Qui
1195 1325 1368 1380 quidem

14 1380 217 1421 videntur
255 1380 318 1420 ita
358 1380 471 1422 inter
512 1395 557 1421 se
588 1380 724 1421 iuneti
757 1396 873 1428 esse,
906 1388 955 1422 ut
986 1381 1067 1423 hoc
1100 1383 1188 1422 fere
1220 1382 1368 1423 ordine

14 1437 56 1477 in
88 1436 307 1492 publicum
337 1436 597 1491 prodierint:
629 1437 1042 1494 Euthydemus,
1076 1436 1369 1494 Cratylus,

14 1493 208 1534 Theae
226 1499 411 1544 tetus,
456 1493 628 1549 Sophi
647 1509 666 1535 s
686 1500 764 1547 ta,
806 1495 840 1536 P
859 1494 986 1535 oliti
1004 1510 1122 1548 eus,
1154 1495 1370 1537 Parme-

12 1549 193 1603 nides,
227 1549 544 1603 Phaedrus,
587 1550 960 1604 Menexenus,
996 1551 1369 1608 Symposium,

13 1606 269 1661 Phaedo,
312 1606 614 1661 Philebus,
654 1608 894 1661 Politia,
936 1609 1217 1661 Timaeus,
1251 1609 1370 1651 Cri-

17 1664 151 1715 tias;
182 1663 227 1705 id
258 1663 375 1719 quod
406 1671 588 1720 apparet
616 1664 685 1706 vel
716 1680 767 1707 ex
800 1680 948 1706 eorum
979 1667 1269 1721 argumentis,
1303 1667 1372 1708 vel

15 1736 68 1762 ex
107 1727 348 1777 temporum
390 1722 591 1777 vitaeque
622 1721 816 1774 vicibus,
851 1721 905 1762 ad
938 1738 1046 1777 quas
1079 1723 1366 1779 philosophus

16 1778 235 1819 scribendi
265 1778 445 1820 consilia
475 1777 630 1819 direxit
660 1784 703 1819 et
735 1778 1107 1832 accommodavit,
1141 1781 1210 1821 vel
1242 1781 1371 1821 etiam

17 1850 70 1876 ex
123 1834 294 1877 disertis
349 1835 485 1890 ipsius
548 1834 963 1890 significationibus,
1020 1836 1373 1891 quandoquidem

17 1891 326 1944 Theaetetum,
370 1891 648 1946 Sophistam,
689 1891 923 1934 Politicum
973 1899 1016 1933 et
1060 1893 1373 1949 Philosophum

17 1947 186 1989 iunctos
226 1947 387 2001 voluit,
436 1949 627 2002 itemque
665 1948 1017 2004 Rempublicam,
1061 1951 1286 1992 Timaeum
1329 1958 1373 1992 et

18 2003 198 2045 Critiam
219 2004 404 2046 arctiore
438 2003 627 2060 quodam
653 2005 827 2047 vinculo
849 2006 1082 2063 colligavit.
1127 2008 1187 2048 Et
1208 2014 1373 2064 septem

21 2060 195 2115 quidem
225 2061 345 2115 libri,
379 2077 489 2117 quos
519 2077 649 2118 supra
676 2063 900 2118 posuimus
920 2096 931 2116 ,
964 2064 1129 2119 priores
1160 2065 1287 2106 Plato
1319 2066 1372 2105 ab

18 2132 69 2159 eo
99 2116 199 2159 inde
250 2125 444 2173 tempore
494 2118 563 2160 vel
616 2118 770 2160 litteris
823 2135 1023 2161 exarasse
1054 2121 1124 2162 vel
1154 2137 1371 2163 commen-

17 2180 134 2216 tatus
171 2190 264 2217 esse
303 2175 501 2229 videtur,
535 2190 621 2230 quo
662 2176 825 2218 relictis
867 2176 1054 2219 Athenis
1105 2178 1372 2233 aliquamdiu

19 2231 214 2286 Megaris
259 2238 546 2274 commoratus
587 2238 667 2274 est.
728 2233 848 2275 Inter
896 2249 1005 2289 quos
1057 2234 1175 2289 quod
1244 2235 1373 2276 etiam

20 2286 343 2344 Euthydemum
412 2295 455 2330 et
513 2288 740 2347 Cratylum
794 2290 1084 2333 numerandos
1150 2299 1371 2347 putamus,

22 2358 132 2398 quos
171 2344 272 2385 olim
310 2346 429 2399 prius
473 2347 659 2402 scriptos
697 2363 791 2390 esse
822 2346 1133 2401 iudicavimus,
1166 2349 1373 2390 habemus

21 2399 148 2442 huius
190 2402 425 2443 sententiae
463 2409 638 2445 nostrae
679 2419 884 2457 caussas,
930 2411 979 2445 ut
1028 2405 1224 2458 videtur,
1267 2406 1372 2447 satis

20 2456 212 2500 idoneas.
283 2458 396 2500 Nam
435 2459 619 2514 primum
652 2460 827 2515 quidem
870 2461 930 2503 illi
973 2476 1069 2503 cum
1111 2463 1249 2503 forma
1280 2470 1372 2504 tum

20 2515 200 2555 materia
238 2530 263 2555 a
305 2514 426 2557 libris
457 2517 692 2572 superioris
725 2519 880 2560 aetatis
913 2518 1180 2572 aliquantum
1211 2518 1372 2561 discre-

22 2578 151 2626 pant,
182 2571 284 2613 licet
324 2587 398 2614 eos
438 2572 540 2614 item
579 2574 799 2616 fatendum
846 2575 902 2617 sit
939 2590 1035 2616 cum
1063 2575 1286 2617 Socratica
1319 2576 1372 2618 de

22 2627 205 2669 scientia
250 2627 447 2670 doctrina
496 2631 780 2673 arctissimam
823 2632 981 2673 habere
1023 2633 1372 2675 coniunctionem

23 2699 74 2725 ac
112 2685 491 2727 necessitudinem.
562 2687 736 2729 Deinde
786 2689 1017 2730 transitum
1059 2689 1181 2743 quasi
1217 2696 1374 2746 parant

24 2739 78 2781 ad
107 2742 383 2795 quaestiones
415 2742 466 2784 (le
500 2744 627 2785 variis
659 2746 864 2787 scientiae
897 2745 1157 2799 rationibus,
1190 2762 1299 2801 quae
1329 2747 1373 2789 iu

1066 2825 1103 2865 l)
