1644 3039
220 179 299 222 134
694 178 1070 221 PLATONIS

218 296 375 337 πολλοὶ
414 297 651 345 ἐνταυθοῖ,
688 293 764 345 οὓς
798 295 876 350 ἐγώ
915 294 1014 352 ὁρῶ,
1052 298 1229 352 πρῶτον
1263 299 1342 351 μὲν
1383 298 1555 351 Κρίτων

221 359 393 411 οὑτοσί,
449 362 551 416 ἐμὸς
596 360 824 414 ἡλικιώτης
869 366 940 405 καὶ
987 363 1201 419 δημότης,
1248 361 1555 419 Κριτοβούλου

219 430 345 471 τοῦδε
381 427 552 483 πατήρ·
589 432 734 471 ἔπειτα
756 433 982 479 Λυσανίας
1013 429 1035 473 ὁ
1064 430 1309 489 Σφήττιος,
1344 432 1556 486 Αἰσχίνου

220 497 346 538 τοῦδε
382 496 554 549 πατὴρ
592 499 655 538 ἔτι
688 494 903 552 Ἀντιᾳῶν
942 496 963 539 ὁ
990 496 1228 555 Κηφισιεὺς
1250 497 1410 547 οὑτοσί,
1442 497 1558 539 'Em-

218 568 368 615 γένους
402 563 562 616 πατήρ.
599 562 724 605 ἄλλοι
761 568 909 606 τοίνυν
947 559 1082 612 οὗτοι,
1119 559 1179 606 ὧν
1217 569 1258 608 οὶ
1294 564 1476 622 ἀδελφοὶ
1513 570 1558 606 ἐν

219 628 357 690 ταύτῃ
392 631 444 689 τῇ
480 632 681 690 διατριβῇ
718 631 933 685 γεγόνασι,
970 631 1288 685 Νικόστρατος,
1322 630 1345 674 ὁ
1378 633 1558 681 &sog-‹30-

219 699 368 747 τίόου,
404 695 595 755 ἀδελφὸς
634 699 851 740 Θεοδότου
879 725 942 729 -—-
968 702 1040 742 καὶ
1076 697 1098 741 ὁ
1135 701 1213 754 μὲν
1250 698 1558 751 τετελεύτηκεν,

218 762 323 814 dig-ts
361 761 441 807 οὐκ
476 762 533 807 ἂν
567 764 730 815 ἐκεῖνός
769 783 814 816 γε
851 764 991 809 αὐτοῦ
1030 768 1328 818 καταδεηθείη
1364 792 1452 817 ——,
1488 767 1560 808 καὶ

309 916 349 948 Ε.
396 917 613 956 Αἰσχίνου
645 919 776 949 τοῦδε
812 918 977 962 πατήρ]
1011 920 1048 951 V.
1084 918 1231 959 τούτου,
1264 918 1376 950 invitis
1408 918 1497 951 Ven.
1528 919 1559 950 b.

219 962 298 994 Par.
326 962 444 996 DST.
475 963 548 994 Vnt.
576 963 676 997 Vind.
704 965 735 998 1.
760 965 792 999 4.
819 966 850 999 6.
878 965 970 999 Flor.
998 966 1029 997 d.
1058 977 1086 998 e.
1116 977 1147 997 ‹r-
1174 965 1203 998 h.
1230 969 1264 998 et
1291 965 1390 997 Bodl.
1416 975 1505 996 corr.

1115 992 1134 1007 b

309 1009 370 1039 ἔτι
401 1007 603 1051 Ἀντιφῶν
637 1008 654 1040 ὁ
691 1011 832 1053 Κηφ.]
863 1012 899 1043 V.
923 1014 972 1044 ἔτι
998 1012 1030 1043 δ’
1056 1011 1182 1044 Ἀντ..
1210 1011 1300 1052 quod
1328 1011 1429 1042 miror
1458 1011 1561 1042 Bek-

219 1054 364 1086 karum
390 1055 598 1095 servavisse,
623 1065 723 1096 quum
754 1058 853 1089 Bodl.
887 1058 960 1091 Vat.
989 1058 1070 1090 Ven.
1096 1059 1127 1091 l).
1158 1057 1261 1091 Vind.
1287 1057 1317 1090 1.
1342 1055 1375 1090 4.
1404 1056 1435 1090 6.
1468 1055 1561 1088 Flor-

219 1099 252 1133 d.
278 1111 310 1142 g.
339 1099 369 1131 ln.
395 1100 474 1132 Par.
501 1100 576 1132 DS.
603 1102 691 1133 aliud
716 1103 793 1143 quid
823 1104 998 1137 suadeant.

311 1145 514 1188 Νικόστρ·
549 1145 565 1176 o‘
604 1146 917 1191 Θεοεδοτίδοιι]
954 1148 1075 1189 Stepli.
1111 1147 1129 1179 ὁ
1159 1148 1336 1187 Ζοιτίδου,
1370 1152 1408 1179 ut
1439 1153 1492 1180 est
1532 1147 1563 1178 in

218 1191 297 1224 Par.
329 1192 404 1223 BC.
433 1201 538 1232 marg.
568 1191 664 1224 Bodl.
690 1195 775 1226 Ven.
802 1195 833 1226 b.
861 1195 939 1228 Par.
968 1195 1082 1228 DST.
1122 1194 1204 1226 Ven.
1229 1194 1260 1226 1.
1289 1193 1320 1226 6.
1350 1192 1443 1227 Flor.
1470 1203 1503 1234 g.
1527 1193 1562 1224 h.

221 1236 437 1275 Θεοζωτίὸου
460 1236 551 1278 quod
578 1238 822 1274 Winckelm.
852 1241 1102 1273 restituendum
1129 1244 1246 1272 censet
1263 1239 1366 1271 etiam
1385 1239 1564 1273 Demosth.

218 1284 251 1315 in
277 1283 414 1315 Midiam
443 1286 473 1324 §-
498 1283 553 1317 59.
603 1283 682 1317 Fuit
707 1286 810 1318 etiam
836 1287 892 1328 qui
919 1285 1100 1325 -Θεοζότου
1125 1287 1253 1319 mallet.

217 1395 402 1428 admodum
439 1400 597 1437 παρεῖναι
621 1399 669 1433 εἵς
694 1411 769 1430 τινα
794 1396 854 1429 τό·

217 1454 281 1473 πον
315 1452 379 1474 non
413 1443 614 1484 simplicitur
646 1444 768 1477 dicitur
794 1454 854 1486 pro

218 1491 377 1529 παρεῖναι
401 1489 432 1518 ἓν
458 1502 526 1520 τινι
551 1489 665 1530 τόπῳ,
700 1490 760 1522 sed
793 1500 855 1531 po—

219 1534 286 1566 tius
314 1536 364 1566 sic
389 1540 583 1576 usurpatur,
609 1540 645 1567 ut
666 1536 754 1568 duae
779 1545 855 1567 sen—

220 1580 349 1612 tentiae
374 1580 406 1612 in
432 1591 534 1613 unam
568 1582 663 1622 quasi
691 1580 855 1614 confusae

221 1629 256 1657 et
286 1628 455 1659 conflatae
494 1627 665 1669 putandae
699 1628 780 1667 sint,
825 1627 854 1661 h.

221 1682 251 1704 e.
275 1672 492 1713 utsignificet
517 1674 557 1705 in
585 1675 771 1715 aliquem
799 1674 859 1705 lo-

222 1728 311 1749 cum
354 1719 538 1755 venisse
582 1720 729 1760 ibique
768 1729 860 1751 ver—

222 1764 332 1803 sari3
370 1763 416 1795 ita
448 1774 489 1797 ne
522 1766 693 1797 ἐνταυθοῖ
723 1765 858 1806 quidem

224 1809 424 1851 simpliciter
448 1821 508 1852 pro
534 1812 693 1843 ἐνταῦθα
717 1821 859 1853 usurpa-

222 1861 293 1888 tum
321 1859 393 1894 est,
424 1856 483 1888 sed
510 1861 667 1898 παρεῖναι
691 1859 862 1889 ἐνταυθοῖ

223 1902 391 1942 significat
438 1901 515 1933 liuc
563 1904 739 1935 venisse
783 1903 859 1934 ibi-

224 1957 318 1988 que
344 1954 687 1988 praesentem
725 1959 858 1981 esse.

229 1993 396 2033 Exempla
423 1992 518 2025 huius
545 1995 702 2035 loquendi
729 1995 860 2026 formae

224 2037 493 2080 suppeditabunt
513 2039 711 2072 Valcken.
726 2040 768 2071 ad
787 2039 860 2071 He-

225 2083 339 2117 rodet.
364 2084 395 2118 1.
412 2084 467 2118 21.
494 2085 601 2127 intpp.
622 2085 663 2117 ad
687 2085 859 2119 Phaedon.

224 2142 257 2172 p.
290 2129 345 2164 57.
383 2134 419 2162 Α.
454 2131 638 2173 Protagor.
662 2143 693 2173 p.
715 2131 793 2165 310.
821 2133 860 2162 A.

224 2176 276 2208 De
301 2174 472 2207 ἐνταυθοῖ
500 2177 645 2210 diximus
672 2187 778 2219 nuper
803 2187 861 2209 ex-

224 2223 384 2264 plicatius
411 2222 453 2254 ad
481 2223 566 2255 Phil.
596 2235 627 2266 p.
655 2222 709 2257 15.
738 2227 775 2255 Α.

269 2268 442 2310 Κρίτων
497 2268 669 2311 οὑτοσί]
729 2269 860 2300 Crito

227 2319 281 2346 est
308 2315 356 2354 is,
393 2314 486 2346 cuius
517 2317 653 2348 nomine
681 2315 860 2355 inscriptus

226 2365 278 2392 est
303 2360 426 2391 nobilis
443 2361 498 2392 ille
517 2361 671 2394 Platonis
694 2360 861 2401 dialogus,

226 2404 270 2437 ad
294 2415 393 2446 quem
426 2407 520 2448 plura
552 2408 595 2440 cle
621 2417 662 2440 eo
687 2406 863 2439 annotabi-

228 2461 315 2485 mus,
349 2451 480 2484 Dicitur
505 2454 659 2485 Socratis
686 2450 863 2493 ἡλικιώτης

228 2507 256 2528 s.
283 2499 491 2538 aequalis,
520 2504 554 2531 et
578 2497 750 2541 δημότης,
778 2497 808 2530 li.
833 2508 862 2530 e.

228 2553 269 2575 ex
299 2543 420 2576 eodem
454 2555 541 2586 pago
583 2545 769 2584 oriundus,
807 2544 861 2585 qui

228 2593 368 2621 vocatur
401 2586 592 2630 Ἀλωπεκή.
628 2601 661 2627 ,ν.
697 2591 861 2632 Harpo—

229 2636 386 2675 cratio‚
419 2636 672 2678 Hesychius
709 2636 862 2667 etSte-

229 2681 392 2722 phanus
420 2682 600 2724 Byzant.
626 2683 657 2714 in
679 2680 863 2721 Ἀλωπεκῆ.

274 2726 314 2758 Ε.
363 2727 607 2772 Λυσανίας]
637 2727 864 2770 Lysanias,

228 2771 403 2805 Aeschinis
428 2772 594 2808 Socratici
625 2778 742 2817 pater,
779 2773 864 2806 dici-

924 1401 980 1430 tur
1005 1397 1023 1430 ὁ
1050 1397 1247 1440 Σφήττιος,
1277 1409 1295 1429 a
1322 1395 1417 1440 δήμῳ
1443 1400 1563 1440 Σφητ-

923 1448 987 1487 τῷ,
1020 1446 1073 1486 qui
1103 1445 1164 1477 fuit
1190 1446 1299 1485 δῆμος
1327 1444 1439 1486 φυλῆς
1461 1444 1562 1476 Ἀκα-

923 1491 1100 1532 μαντίδος.
1126 1501 1156 1524 ν.
1186 1491 1443 1531 Harpocrat.
1482 1491 1564 1523 He-

925 1536 1041 1579 sycli.
1068 1535 1272 1577 stephan.
1300 1535 1329 1566 Ιι.
1356 1546 1387 1568 v.
1415 1537 1464 1569 De
1490 1539 1566 1568 Ae-

924 1582 1070 1614 schine
1096 1582 1275 1614 Socratico
1303 1592 1333 1614 v.
1362 1580 1506 1624 Diogen.
1523 1582 1565 1616 L.

924 1628 964 1661 ll.
984 1628 1027 1662 6ss
1042 1638 1115 1670 sqq.
1143 1633 1177 1660 et
1196 1638 1284 1668 quae
1307 1627 1349 1659 dc
1366 1638 1408 1660 eo
1427 1629 1567 1670 collegit

930 1673 1168 1707 Fischerus
1212 1673 1324 1705 Praef.
1363 1673 1404 1706 ad
1444 1674 1566 1707 Aescli.

932 1721 1062 1760 Dialog.
1108 1725 1189 1752 tres.
1240 1719 1334 1760 Lips.
1380 1719 1481 1755 1786.
1524 1739 1567 1743 —

930 1765 1150 1807 Antiphon
1188 1769 1332 1798 vocatur
1357 1764 1566 1807 Κηφισιεύς,

930 1823 948 1844 e
973 1810 1070 1852 δήμῳ
1099 1813 1268 1855 Κηφισῷ,
1293 1812 1348 1853 qui
1374 1812 1437 1843 fuit
1461 1812 1568 1854 φυλῆς

927 1856 1148 1900 Ἐρεχθηΐὸος
1189 1869 1218 1889 ν.
1249 1858 1510 1900 Harpocrat.
1537 1859 1568 1889 in

929 1903 1132 1945 Κηφισιειίς.
1194 1903 1314 1944 Neque
1351 1914 1434 1936 vero
1484 1913 1568 1935 con-

930 1949 1120 1981 fundendus
1155 1955 1210 1982 est
1251 1960 1327 1981 cum
1365 1949 1569 1991 Antiplionte

929 1995 1157 2035 Rhamnusio,
1183 1996 1226 2027 de
1244 2006 1311 2036 quo
1337 1995 1437 2027 docta
1456 1999 1569 2027 exstat

931 2041 1029 2072 Dav.
1049 2041 1294 2073 Rulinkenii
1316 2041 1568 2082 disputatio,—

931 2086 1153 2127 Epigenes
1186 2098 1238 2127 ap.
1272 2085 1428 2126 Xenopli.
1463 2086 1568 2119 Mem.

927 2131 987 2165 IV.
1015 2132 1069 2165 12.
1104 2142 1178 2164 cum
1206 2132 1351 2163 Socrate
1384 2132 1427 2163 de
1453 2133 1567 2173 negle-

929 2181 985 2208 cto
1011 2179 1166 2219 corporis
1192 2178 1283 2209 cultu
1308 2176 1471 2218 disputat.

975 2222 1099 2254 ἄλλοι
1144 2225 1293 2255 τοίνυν
1336 2219 1467 2255 οὗτοι
1504 2222 1567 2264 -]

932 2268 1081 2301 Adhaec
1110 2269 1422 2302 Heindorfius:
1450 2268 1569 2309 „Male

929 2313 1116 2352 ἀσύνδετος
1141 2320 1193 2348 est
1211 2316 1318 2348 oratio
1338 2326 1447 2356 neque
1473 2325 1569 2346 com-

931 2360 1068 2392 modum
1101 2367 1154 2393 est
1190 2361 1219 2395 li.
1255 2362 1274 2392 l.
1318 2361 1406 2392 istud
1441 2362 1568 2400 τοίνυν,

932 2407 1090 2448 igitur,
1116 2414 1153 2440 ut
1177 2407 1361 2449 depravata
1388 2407 1470 2439 haec
1494 2416 1570 2438 ver-

932 2453 974 2484 ba
999 2452 1197 2492 videantur,
1235 2453 1285 2484 sic
1318 2452 1466 2484 fortasse
1494 2462 1569 2484 cor-

934 2499 1091 2539 rigenda:
1136 2499 1235 2530 ἄλλοι.
1284 2509 1320 2529 τε
1362 2498 1569 2530 ἐνταυθοῖ.“

929 2544 1004 2576 Non
1043 2546 1192 2577 debebat
1232 2543 1371 2576 haerere
1411 2544 1461 2575 vir
1499 2543 1570 2575 exi-

930 2591 1027 2622 mius·
1081 2590 1282 2624 sexcenties
1327 2589 1413 2621 enim
1444 2591 1569 2628 τοίνυν,

932 2640 968 2667 ut
995 2636 1072 2669 Lat.
1101 2638 1181 2669 iam
1208 2645 1332 2674 vero,
1358 2645 1423 2667 non
1449 2635 1570 2667 συλλο-

934 2687 1103 2724 γιστικῶς,
1129 2682 1189 2714 sed
1213 2682 1448 2725 μεταβατικῶς
1473 2680 1572 2722 poni-

933 2732 999 2761 tur.
1025 2738 1055 2760 v.
1085 2728 1127 2762 ad
1152 2728 1277 2770 Remp.
1304 2727 1408 2760 VIII.
1434 2737 1465 2769 p.
1491 2725 1570 2760 555.

934 2777 968 2807 et
992 2774 1036 2809 X.
1063 2786 1096 2818 p.
1112 2774 1189 2809 603.
1211 2774 1248 2806 B.
1273 2772 1416 2815 Protag.
1440 2782 1472 2815 p.
1489 2772 1568 2806 319-
