1644 3039
248 135 508 178 XXXVIII

249 248 473 290 referimus
515 247 720 298 Ionem,
762 246 1122 290 Alcibiadem
1166 250 1423 304 primum,
1461 249 1589 305 Hip-

247 305 388 361 piam
415 304 691 357 maiorem,
712 303 972 360 Hippiam
1004 305 1285 360 minorem,
1306 305 1588 363 Lysidem,

340 478 408 508 tiae
433 477 639 508 Platonicae
676 477 788 507 omnis
823 477 966 517 stirpem
999 478 1229 516 conficerert,
1255 478 1322 508 tria
1356 487 1485 518 genera
1509 488 1591 509 con-

340 524 461 555 stitnit.
512 522 667 559 Quorum
684 524 832 563 primum
846 533 920 554 esse
936 523 1047 553 voluit
1079 533 1197 554 eorum
1224 523 1404 562 librorum,
1430 525 1488 565 qui
1513 534 1590 555 ver-

337 574 496 601 sarentur
529 569 565 599 in
603 569 811 609 explicanda
849 574 882 600 et
921 569 1128 599 illustranda
1173 569 1433 601 dialectices
1466 575 1593 602 natura

335 619 439 655 atque
466 615 593 645 virtute
629 620 662 645 et
688 615 786 656 quasi
812 615 1036 646 elementares
1063 616 1117 646 vel
1143 616 1406 655 propaedeutici
1433 616 1590 648 videren-

336 667 402 692 tur.
452 660 627 698 Quorsum
660 661 777 692 retulit
815 661 1072 700 Phaedrum,
1113 661 1402 702 Protagoram
1432 665 1466 692 et
1492 662 1590 694 Par-

336 707 557 740 menidem.
609 707 675 738 His
699 717 782 738 vero
808 712 971 748 tanquam
1000 707 1145 738 alterum
1169 717 1276 747 genus
1300 708 1461 738 adiunxit
1485 707 1590 739 The-

337 758 552 791 aetetum,
580 752 853 793 Sophistam‚
883 753 1122 784 politicum
1148 757 1182 784 et
1205 753 1503 793 Phaedonem,
1530 754 1590 795 qui

335 801 483 831 maxime
516 801 673 840 occupati
713 804 827 830 essent
867 800 900 830 in
939 800 1148 830 scientiae
1189 799 1406 831 humanae
1445 800 1589 831 notione

335 846 558 877 enucleanda.
607 845 696 876 Tum
713 846 849 876 tertium
869 846 973 876 etiam
997 855 1106 886 genus
1132 855 1251 876 eorum
1274 846 1442 877 librorum
1457 847 1589 886 statuit,

334 893 393 931 qui
418 892 497 929 illis,
525 902 611 931 quos
638 891 807 930 diximus,
834 891 983 931 dialogis
1019 896 1182 932 tanquam
1207 892 1408 932 graviorum
1434 892 1591 932 disputa-

336 939 470 968 tionum
501 937 737 968 fundamentis
769 937 995 977 superstructi
1030 942 1144 968 essent
1168 947 1208 969 ac
1239 938 1290 968 de
1329 938 1510 968 homine
1547 943 1591 969 et

333 994 481 1015 rerum
507 989 669 1014 nat-ura
695 988 839 1023 agerent
864 993 885 1014 a
911 983 1058 1014 Platone
1083 989 1196 1014 aetate
1220 984 1440 1024 provectiore
1463 983 1589 1015 litteris

334 1030 507 1069 mandati,
550 1039 715 1069 quorsum
751 1029 869 1060 retulit
894 1029 1124 1068 PoHtiam,
1151 1029 1374 1061 Timaeum
1399 1034 1434 1060 et
1457 1027 1591 1061 Criti-

333 1086 413 1114 am,
440 1076 476 1106 in
510 1086 577 1115 quo
610 1076 794 1106 scribendo
831 1080 918 1106 teste
948 1076 1191 1107 Plutarcho
1219 1076 1302 1106 Vita
1327 1076 1450 1107 Solon.
1475 1085 1508 1115 p.
1535 1075 1590 1109 96,

334 1122 377 1153 Ε.
404 1121 624 1162 grandaevus
649 1122 880 1162 philosophus
907 1126 1018 1152 morte
1042 1121 1148 1152 fuerit
1173 1132 1373 1162 oppressus.
1423 1121 1498 1153 Hos
1524 1122 1590 1162 igi-

329 1173 385 1198 tur
416 1167 621 1198 undecim
662 1168 803 1198 libros
843 1167 982 1198 criticus
1020 1168 1244 1199 acutissimus
1290 1168 1475 1208 primarios
1514 1177 1590 1198 esse

331 1213 522 1250 iudicavit,
554 1214 612 1253 qui
644 1218 810 1254 tanquam
847 1223 961 1244 arcem
999 1213 1110 1244 omnis
1152 1214 1345 1254 sapientiae
1384 1212 1591 1244 Platonicae

333 1260 551 1291 continerent
571 1264 605 1289 et
620 1269 662 1290 ex
680 1270 827 1299 quorum
844 1259 1058 1298 argumentis
1084 1259 1187 1289 etiam
1213 1259 1256 1290 de
1280 1259 1422 1299 reliquis
1449 1259 1590 1299 scriptis

331 1305 436 1345 vulgo
474 1305 614 1336 Platoni
644 1306 783 1336 tributis
821 1305 987 1335 iudicium
1030 1309 1122 1336 esset
1153 1306 1387 1345 repetendum.
1444 1303 1591 1336 Censuit

330 1356 445 1382 autem
471 1352 624 1392 reliquos
651 1352 811 1391 dialogos
838 1351 892 1382 vel
918 1351 1054 1390 spurios
1083 1361 1170 1389 esse,
1191 1356 1359 1391 quatenus
1385 1360 1507 1390 parum
1532 1355 1613 1392 aut¹

330 1397 418 1428 nihil
443 1398 487 1427 ad
513 1397 719 1437 explendam
746 1398 924 1428 doctrinae
944 1396 1147 1428 Platonicae
1164 1407 1331 1428 summam
1346 1397 1590 1433 conducerent,

332 1444 538 1484 praesertim
564 1444 591 1473 si
618 1443 720 1474 etiam
747 1443 941 1482 elegantiae
970 1443 1073 1483 laude
1100 1446 1216 1473 essent
1241 1442 1410 1481 destituti,
1440 1443 1477 1473 in
1502 1442 1589 1483 quo-

330 1500 406 1520 rum
432 1499 576 1519 numero
603 1494 740 1529 praeter
766 1499 837 1528 eos,
863 1489 922 1529 qui
958 1488 1088 1519 dudum
1113 1489 1283 1519 communi
1314 1489 1545 1520 consensione
1569 1498 1590 1521 a

328 1535 478 1566 Platone
509 1535 700 1566 abiudicati
733 1540 828 1574 sunt,
861 1535 1041 1566 habendos
1075 1544 1151 1565 esse
1175 1535 1296 1565 statuit
1321 1535 1532 1575 Hippiam
1565 1534 1588 1567 Ι.

332 1585 365 1612 et
388 1581 433 1612 Il.
470 1581 636 1617 Ionem,
663 1581 949 1612 Alcibiadem
974 1580 1003 1610 Ι.
1031 1584 1063 1611 et
1082 1580 1143 1619 11.;
1170 1582 1218 1611 rel
1247 1580 1484 1621 singularibus
1511 1580 1587 1622 qui-

331 1628 477 1658 busdam
502 1627 717 1667 temporibus
743 1627 850 1658 fuisse
875 1626 1078 1665 destinatos,
1098 1631 1136 1657 ut
1160 1636 1222 1667 per
1246 1637 1283 1658 se
1309 1636 1465 1657 seorsum
1491 1636 1587 1667 spec-

331 1674 428 1704 tandi
452 1674 697 1713 indic-audique
723 1677 851 1712 essent,
882 1673 1002 1713 quales
1030 1673 1140 1703 voluit
1163 1682 1237 1703 esse
1262 1672 1530 1713 Apologiam
1555 1676 1589 1703 et

332 1719 579 1756 Critonem;
606 1720 659 1749 vel
684 1719 834 1759 denique
859 1719 1101 1759 primariorum
1128 1719 1366 1759 dialogorum,
1393 1728 1480 1759 quos
1506 1728 1588 1749 con-

332 1766 459 1803 stituit,
489 1770 653 1806 tanquam
683 1766 827 1796 comites
854 1774 929 1795 esse
959 1769 1058 1805 utque
1085 1765 1328 1803 administros,
1354 1774 1520 1805 quorsum
1544 1764 1585 1794 ab

331 1821 371 1842 eo
430 1811 627 1844 referuntur
693 1821 844 1842 novem
889 1815 949 1841 aut
993 1811 1136 1841 decem
1195 1811 1385 1850 dialogi,
1432 1809 1588 1850 quando-

332 1858 471 1898 quidem
525 1857 753 1897 Lysidem,
803 1856 1055 1896 Lachetem,
1111 1855 1380 1887 Charmidem
1438 1860 1472 1886 et
1509 1855 1587 1886 Eu-

330 1903 462 1944 thyph
475 1913 519 1934 ro
534 1913 628 1934 nem
676 1903 868 1933 dialecticis
915 1903 989 1933 sive
1040 1903 1321 1942 propaedeuticis
1369 1902 1588 1933 sermonibus

331 1949 430 1989 quasi
461 1948 620 1979 famulari
655 1949 782 1989 voluit;
822 1947 1038 1987 Gorgiam
1069 1958 1193 1988 porro,
1234 1948 1477 1987 Menonem,
1507 1947 1587 1978 Eu-

330 1994 599 2035 thydemum,
618 1993 848 2034 Cratylum
873 1993 1182 2024 etConvivium
1206 1994 1420 2025 illustrandis
1445 1997 1478 2024 et
1504 2002 1587 2023 con-

332 2040 545 2071 summandis
575 2040 738 2081 operibus
765 2040 807 2070 de
832 2039 998 2071 scientiae
1022 2044 1147 2070 natura
1178 2040 1315 2079 scriptis
1340 2039 1509 2070 inservire
1533 2048 1588 2069 ar-

330 2087 477 2119 bitratus
503 2090 571 2124 θεῖς
599 2086 746 2126 denique
772 2086 893 2124 libros,
920 2087 978 2125 qui
1005 2090 1084 2116 sunt
1109 2086 1161 2116 de
1187 2085 1382 2123 Legibus
1409 2095 1484 2115 eum
1515 2084 1586 2115 Po-

330 2133 454 2172 litia,
487 2132 672 2163 Timaeo
709 2136 742 2162 et
782 2130 930 2162 Critia
962 2138 1127 2171 tanquam
1165 2132 1375 2172 adpendices
1409 2140 1586 2162 connexos

330 2189 403 2210 esse
429 2179 561 2209 statuit.
610 2177 706 2208 Haec
729 2177 834 2217 igitur
851 2180 874 2207 :5
889 2178 1003 2208 chlei
1018 2177 1295 2208 ermacherus
1321 2178 1362 2208 de
1378 2177 1587 2217 scriptorum

335 2225 594 2255 Platonicorum
620 2224 820 2264 primordiis
854 2228 957 2264 atque
983 2224 1152 2254 interiore
1176 2234 1267 2254 nexu
1295 2229 1327 2254 et
1351 2223 1587 2254 cohaerentia.

327 2269 429 2307 'Quae
455 2271 594 2311 quidem
621 2270 737 2301 omnia
761 2270 863 2300 sicuti
888 2270 1167 2309 ingeniosissime
1192 2271 1390 2309 excogitata
1414 2273 1512 2309 sunt,
1538 2269 1587 2300 ita

329 2317 433 2348 etiam
470 2317 657 2356 plurimum
689 2316 733 2346 ad
772 2316 951 2346 l’latonem
988 2316 1040 2345 vel
1077 2316 1203 2346 rectius
1234 2315 1500 2356 intelligendum
1531 2315 1585 2345 vel

331 2363 535 2403 prudentius
560 2361 813 2392 aestimandum
848 2361 1140 2402 iudicandumque
1157 2362 1349 2393 valuerunt.
1398 2360 1587 2391 Nihilomi-

330 2418 395 2439 nus
424 2414 537 2440 autcm
568 2409 671 2439 etiam
696 2407 913 2449 gravissimis
939 2408 1164 2448 plurimisque
1188 2408 1302 2439 locum
1327 2407 1497 2438 dederunt
1523 2407 1585 2437 du-

330 2455 570 2486 bitationibus,
627 2453 717 2485 Nam
760 2458 797 2483 ut
835 2453 922 2484 nihil
961 2454 1115 2485 dicamus
1154 2454 1197 2485 de
1232 2453 1376 2494 singulis
1423 2453 1584 2493 dialogis,

331 2511 478 2540 quorum
502 2505 707 2540 argumenta
729 2504 762 2530 et
788 2500 935 2530 consilia
959 2500 1012 2530 vir
1036 2510 1187 2530 summus
1205 2510 1308 2540 saepe
1322 2499 1401 2529 ideo
1418 2499 1586 2530 aliorsum

330 2557 433 2586 quam
459 2556 528 2587 quo
554 2545 702 2577 debebat
726 2546 862 2584 retulit,
887 2545 968 2586 quia
999 2546 1086 2576 alios
1113 2546 1273 2586 dialogos
1300 2544 1410 2576 voluit
1435 2554 1478 2575 ex
1503 2545 1581 2575 aliis

328 2595 494 2632 tanquam
519 2596 620 2632 aptos
648 2597 681 2623 et
703 2601 890 2632 suspensos
915 2592 1166 2632 esse3primun1
1192 2592 1332 2632 quidem
1356 2588 1391 2623 in
1418 2600 1459 2621 eo
1486 2591 1581 2622 visus

327 2642 380 2668 cst
405 2638 621 2682 aliquantum
646 2647 667 2669 a
690 2641 784 2668 recto
810 2637 1045 2674 aberravisse,
1072 2638 1167 2678 quod
1190 2638 1226 2668 in
1250 2636 1439 2668 iudicanda
1463 2637 1582 2676 singu-

328 2684 440 2714 lorum
474 2684 683 2724 scriptorum
713 2684 782 2715 fide
807 2687 839 2715 et
864 2683 1071 2714 auctoritate
1097 2683 1184 2714 illud
1208 2683 1376 2724 imprimis
1403 2682 1583 2723 spectavit,

328 2734 494 2770 quantum
527 2730 692 2770 quodque
727 2729 900 2761 conferret
932 2730 975 2760 ad
1009 2729 1256 2761 absolvendum
1291 2730 1470 2760 doctrinae
1504 2728 1581 2760 Pla-
