1644 3039
1168 164 1383 206 XXXIX

37 279 414 331 Charmidem,
461 276 780 330 Lachetem,
829 277 1150 329 Menouem,
1193 277 1380 318 Prota—

34 352 240 393 goram,
281 334 760 392 Euthyphrouem,
804 333 1141 390 Apologiam
1192 332 1381 376 Socra—

126 510 264 542 tonicae
291 518 430 551 corpus,
448 507 548 548 quale
573 506 647 547 ipse
673 505 944 547 informaverat3
961 512 1142 546 praeterea
1169 516 1252 537 vero
1280 507 1384 537 etiam

127 567 168 588 eo
204 555 328 587 multas
362 553 471 586 movit
499 552 778 590 controversias,
811 553 907 593 quod
940 553 1050 583 libros
1076 552 1174 592 illos,
1201 562 1287 593 quos
1314 552 1382 593 pri-

129 602 249 634 mariis
281 601 434 641 dialogis
465 603 631 640 tanquam
664 599 777 630 sorios
810 597 980 639 quosdam
1014 603 1119 639 atque
1153 598 1296 630 comites
1323 598 1383 629 ad-

129 649 263 686 iunxit,
290 652 324 679 et
356 649 640 687 argumentorum
674 645 929 676 necessitudine
961 646 1089 676 arctius
1122 655 1198 676 eum
1224 644 1278 675 his
1303 654 1383 675 con-

130 696 266 726 iunctos
293 703 370 725 esse
395 697 428 724 et
459 691 581 723 eodem
613 691 685 721 fere
709 695 864 731 tempore
894 691 1018 722 litteris
1044 696 1206 722 exaratos
1232 700 1308 722 esse
1332 691 1384 721 iu-

130 741 280 780 dicavit,
304 740 386 771 licet
416 738 468 769 illi
509 747 572 769 nec
596 737 640 769 ad
672 737 863 778 sapientiae
899 737 1091 768 ubertatem
1126 748 1187 768 nee
1222 736 1267 767 ad
1300 737 1386 767 artis

131 787 268 819 laudem
300 790 335 817 et
363 784 614 826 perfectionem
646 794 723 814 cum
757 783 800 814 iis
832 784 1056 824 comparandi
1097 784 1291 814 videantur.
1341 781 1388 813 Ut

130 834 240 874 igitur
275 833 328 863 vir
366 829 685 872 praestantissimus
719 829 904 860 multorum
937 830 1157 870 dialogorum
1188 829 1388 859 interiorem

132 879 378 920 cognationem
408 882 508 908 acute
539 875 847 915 demonstraverit,
873 876 959 906 illud
990 875 1129 916 quidem
1155 885 1225 906 non
1252 874 1389 905 videtur

129 929 312 958 assecutus
344 933 437 958 esse,
468 922 564 964 quod
597 922 671 962 ipse
704 922 833 960 voluit,
869 926 906 952 ut
941 922 1026 962 quid
1059 921 1099 952 de
1126 921 1389 952 Platonicorum

129 972 299 1003 librorum
333 969 552 1012 primordiis,
578 969 790 1007 argumentis
825 972 858 999 ct
885 968 1060 1006 consiliis,
1089 968 1157 999 fide
1182 967 1329 1007 denique
1356 971 1389 997 et

130 1017 341 1051 auctoritate
374 1014 640 1047 existimandum
665 1015 728 1056 sit,
756 1014 849 1045 omni
882 1024 924 1045 ex
959 1017 1056 1056 parte
1081 1014 1299 1054 exploratum
1327 1012 1388 1043 ha-

131 1065 281 1096 beretur.
332 1063 450 1102 Atque
467 1061 576 1092 sensit
593 1061 660 1091 hoe
685 1061 797 1101 ipsum
823 1061 863 1099 is,
884 1060 943 1100 qui
969 1061 1127 1101 proxime
1155 1064 1234 1100 post
1255 1059 1388 1090 schlei-

131 1110 369 1143 ermacherum
387 1109 438 1139 rei
454 1107 681 1139 difficillimae
698 1107 938 1147 quaestionem
957 1107 1072 1138 denuo
1089 1106 1251 1147 suscepit.
1300 1104 1390 1136 Nam

132 1157 206 1189 Fri
218 1156 303 1187 der.
322 1155 482 1186 Astius
509 1163 613 1194 quum
637 1153 740 1184 facile
756 1153 976 1193 pervidisset,
993 1163 1096 1193 quam
1113 1158 1204 1183 esset
1219 1152 1390 1182 lubricum

131 1214 172 1235 ac
204 1201 350 1234 difficile
384 1200 566 1232 Platonem
598 1209 675 1230 eum
705 1199 912 1234 informare,
944 1199 1001 1240 qui
1035 1204 1202 1239 tanquam
1235 1207 1388 1238 praeme-

133 1249 246 1280 ditato
273 1247 468 1280 studiorum
492 1246 617 1276 itinere
643 1245 802 1285 singulos
829 1244 1072 1285 philosophiae
1096 1245 1194 1275 locos
1220 1248 1388 1284 perpetuo

134 1295 258 1326 ordine
292 1294 455 1333 deinceps
485 1291 730 1322 illustravisset
773 1301 882 1330 eaque
914 1292 1050 1322 ratione
1092 1291 1254 1330 dialogos
1299 1290 1389 1320 alios

133 1351 176 1373 ex
201 1340 280 1372 aliis
305 1348 414 1370 nexos
439 1342 472 1368 et
489 1347 678 1377 suspensos
694 1337 860 1368 continua
875 1337 963 1367 serie
983 1337 1243 1369 elaboravisset‚
1268 1337 1391 1366 relicta

136 1387 204 1425 via,
229 1396 334 1426 quam
365 1384 424 1414 ille
462 1384 589 1414 inierat
614 1383 649 1413 in
674 1383 764 1414 libro
791 1383 849 1413 De
882 1383 984 1414 Vita
1009 1387 1048 1413 et
1074 1382 1267 1423 Scriptis
1300 1382 1389 1412 Pla-

135 1432 264 1465 tonis.
287 1430 445 1471 Lipsiae.
468 1428 570 1462 1816.
594 1426 615 1462 S
653 1429 760 1468 edito,
793 1429 844 1460 sic
867 1430 983 1470 potius
1009 1429 1044 1459 in
1070 1428 1172 1459 huius
1198 1429 1247 1459 rei
1274 1428 1391 1468 dispu-

132 1479 265 1510 tatione
299 1475 506 1507 versandum
539 1484 614 1505 esse
645 1475 782 1516 statuit,
821 1479 857 1504 ut
888 1475 1031 1505 omuino
1058 1474 1232 1506 Platonici
1257 1474 1390 1514 ingenii

133 1530 300 1565 tauquam
332 1521 464 1563 species
498 1520 669 1562 quaedam
703 1525 807 1562 atque
846 1521 960 1562 imago
1000 1520 1269 1560 informaretur,
1300 1520 1391 1550 unde

133 1569 397 1603 Platonicorum
420 1567 629 1608 scriptorum
646 1571 861 1608 repeteretur
879 1567 1045 1598 iudicium
1069 1577 1260 1607 eorumque
1289 1567 1391 1606 origo

137 1617 267 1658 pariter
291 1619 395 1656 atque
420 1614 619 1645 coniunctio
649 1624 689 1644 ac
719 1613 943 1644 necessitudo
969 1617 1251 1652 cognosceretur.
1302 1611 1392 1643 Cen-

134 1664 206 1695 suit
231 1666 346 1693 autem
372 1659 515 1691 Platoni
547 1670 622 1691 eam
663 1659 835 1691 sentiendi
866 1660 1114 1700 cogitandique
1143 1659 1391 1690 sublimitatem

135 1714 170 1741 et
202 1707 421 1740 altitudinem
451 1706 559 1737 fuisse
589 1706 789 1746 propriam,
822 1710 858 1736 ut
892 1707 1010 1737 omnia
1043 1715 1177 1746 semper
1206 1705 1249 1736 ad
1276 1715 1392 1736 rerum

136 1755 334 1787 divinarum
368 1753 594 1792 idearumque
626 1752 887 1783 meditationem
920 1752 1094 1791 retulerit,
1127 1753 1164 1782 in
1198 1761 1267 1782 una
1300 1751 1392 1781 vitae

134 1801 362 1843 quotidianae
394 1797 675 1829 consideratione
703 1802 763 1829 aut
792 1798 1044 1829 diiudicatione
1075 1797 1277 1837 neutiquam
1312 1796 1392 1827 sub-

136 1847 282 1885 stiterit,
308 1845 458 1884 denique
491 1853 643 1874 summae
675 1844 900 1883 perfectionis
926 1844 1077 1884 speeiem
1103 1843 1204 1874 rebus
1233 1842 1393 1873 humanis

137 1898 243 1933 atque
267 1890 491 1922 terrestribus
522 1892 688 1929 tanquam
721 1890 838 1921 divam
872 1890 1048 1930 quandam
1077 1890 1232 1929 reginam
1257 1888 1392 1929 praefe-

138 1939 235 1971 eerit.
285 1935 457 1974 Quocirca
489 1944 608 1966 omnes
642 1935 721 1966 illos
752 1936 878 1976 libros,
912 1937 971 1976 qui
1002 1938 1039 1967 in
1072 1935 1255 1966 dialectica
1280 1944 1393 1965 rerum

137 1983 391 2024 disceptatione
422 1983 473 2014 ita
496 1986 734 2018 versarentur,
761 1987 799 2012 ut
823 1982 1048 2013 sublimitatis
1076 1982 1169 2012 illius
1196 1985 1312 2012 essent
1336 1991 1393 2011 ex-

138 2034 253 2072 pertes
291 2038 404 2070 neque
444 2031 592 2059 mentem
631 2028 854 2069 animumque
895 2028 999 2059 altius
1026 2028 1213 2059 eveherent
1235 2028 1280 2058 ad
1305 2026 1393 2057 divi-

139 2076 249 2108 nioris
281 2075 508 2115 celsiorisque
539 2073 725 2115 sapientiae
757 2075 1023 2114 cogitationem,
1054 2074 1193 2105 Platoni
1218 2073 1307 2105 falso
1333 2073 1392 2104 ad-

138 2123 288 2163 scriptos
323 2131 399 2153 esse
431 2120 619 2152 arbitratus
645 2126 715 2160 est,
742 2131 811 2161 quo
845 2121 922 2161 ipso
949 2130 1110 2160 magnam
1134 2124 1266 2161 partem
1294 2119 1393 2150 dubi-

140 2169 293 2201 tationes
323 2167 402 2199 illas
437 2167 479 2198 de
514 2166 557 2197 iis
582 2166 682 2197 libris
706 2166 748 2197 de
774 2167 890 2198 medio
917 2167 1077 2205 sustulit,
1104 2176 1192 2207 quos
1218 2165 1392 2197 Schleier-

140 2215 323 2247 macherus
359 2214 538 2245 videretur
570 2213 683 2243 minus
717 2218 809 2244 reete
840 2213 1016 2253 primariis
1042 2213 1202 2244 Platonis
1228 2212 1393 2253 operibus

142 2266 309 2302 tanquam
340 2260 456 2291 socios
487 2263 522 2290 et
551 2259 778 2290 administros
812 2260 1028 2290 adiunxisse.
1080 2259 1266 2290 Damnavit
1303 2259 1394 2289 enim

144 2312 312 2347 tanquam
358 2307 496 2347 spurios
533 2305 668 2346 Legum
706 2306 835 2345 libros,
879 2306 1085 2345 Menonem,
1124 2305 1395 2345 Euthydemum,

145 2352 380 2388 Charmidem,
405 2352 588 2393 Lysidem,
616 2352 835 2383 Alcibiadem
859 2353 1009 2392 primum
1034 2356 1068 2383 et
1092 2352 1294 2388 secundum,
1321 2350 1395 2381 Me·

144 2408 335 2435 nexenum,
359 2398 566 2435 Lachetem,
592 2398 760 2439 Hippiam
792 2399 960 2430 maiorem
991 2402 1025 2429 et
1049 2398 1237 2436 minorem,
1262 2397 1396 2436 Ionem,

144 2444 449 2486 Euthyphronem,
470 2444 689 2485 apologiam,
717 2444 910 2483 Critonem,
936 2447 975 2475 ut
999 2449 1174 2475 taceamus
1205 2444 1247 2474 de
1273 2443 1396 2475 ceteris

146 2491 274 2523 libellis
299 2490 510 2526 minoribus,
544 2500 631 2531 quos
666 2491 797 2522 dudum
827 2492 869 2522 ab
900 2491 979 2522 aliis
1005 2490 1146 2522 Platoni
1178 2490 1302 2521 merito
1336 2489 1394 2521 ab·

143 2538 316 2569 iudicatos
360 2547 436 2568 esse
475 2540 622 2568 constat.
679 2535 860 2569 Genuiuos
900 2547 985 2568 vero
1023 2547 1111 2578 quos
1147 2537 1284 2577 putavit
1321 2546 1397 2567 esso

144 2583 324 2625 dialogos,
349 2593 493 2614 numero
519 2583 700 2623 tredecim,
726 2594 832 2625 quum
862 2587 1147 2624 argumentorum
1172 2586 1244 2613 tum
1269 2583 1397 2613 dialec-

151 2630 242 2662 ticae
278 2629 418 2661 virtutis
449 2627 570 2660 habita
600 2629 737 2661 ratione
769 2630 838 2661 alio
870 2640 974 2671 quam
1004 2629 1134 2660 factum
1159 2632 1251 2660 esset
1275 2629 1398 2660 ordine

145 2686 226 2708 sese
260 2676 439 2716 excepisse
474 2679 578 2715 atque
612 2676 809 2717 iungendos
840 2686 915 2708 esse
941 2676 1121 2708 iudicavit.
1170 2673 1260 2706 Sunt
1283 2679 1398 2706 autem

148 2721 203 2754 hi:
231 2721 458 2763 Protagoras,
483 2721 679 2760 Phaedrus,
706 2720 872 2763 Gorgias,
897 2721 1055 2761 Phaedo,
1086 2731 1174 2763 quos
1199 2726 1302 2753 vocat
1325 2721 1398 2752 dia-

148 2768 250 2810 logos
275 2767 497 2807 Soeraticos3
520 2777 625 2809 porro
652 2768 875 2809 Theaetetus,
901 2767 1079 2810 Sophista,
1108 2767 1289 2808 Politicus,
1314 2767 1399 2799 Par—
