1644 3039
1274 180 1392 222 XIX

45 301 231 357 quodam
261 300 418 342 inclusi
448 303 673 351 tenentur,
717 297 791 339 sed
824 297 923 338 olim
955 297 999 338 in
1032 295 1255 336 beatorum
1291 293 1393 335 deo-

43 375 137 401 rum
168 364 294 399 coetu
325 362 547 398 versantes
579 362 753 396 aeterna
773 354 845 395 illa
866 369 1005 395 rerum
1032 351 1260 394 simulacra
1291 365 1395 392 con-

44 414 241 470 templati
273 419 402 468 atque
431 412 567 469 ipsius
597 411 794 453 veritatis
826 411 1076 466 cognitione
1107 408 1248 465 gavisi
1280 414 1394 450 sunt.

46 472 146 526 Qua
175 471 383 513 felicitate
416 485 546 524 quum
579 484 726 510 omnes
758 474 969 522 perpetuo
1010 467 1091 508 frui
1132 465 1394 520 potuissent,

48 537 138 571 tum
170 529 233 570 ita
263 527 436 580 accidit,
468 533 517 567 ut
546 525 669 566 multi
704 541 726 566 a
758 525 1000 566 divinarum
1032 539 1175 564 rerum
1206 530 1398 564 contem-

46 586 238 644 platione
265 590 561 626 averterentur
579 589 707 637 atque
729 581 846 623 humi
868 581 1023 622 deiecti
1047 581 1089 621 in
1110 579 1281 621 mortali
1302 594 1397 620 cor-

46 659 151 700 pore
171 641 504 684 includerentur.
537 640 605 680 Ex
629 655 714 694 quo
733 646 820 679 tam
841 638 1069 679 multarum
1089 652 1229 677 rerum
1251 635 1400 691 cogni-

48 700 178 742 tionis
209 697 432 739 admiratio
463 696 644 749 'tollitur⁷
678 711 820 750 neque
853 711 901 736 ea
920 695 1045 750 plane
1067 693 1187 734 videt
1216 693 1399 745 animus,

51 773 183 812 quum
198 762 375 810 repente
393 755 437 795 in
458 760 544 794 tam
565 753 785 794 insolitum
804 760 978 806 tamque
1001 751 1300 806 perturbatum
1324 749 1401 790 do-

48 813 252 855 micilium
272 811 544 868 immigravit.
607 810 694 852 Sed
727 825 858 864 quum
889 825 933 850 se
966 808 1143 863 collegit
1173 814 1302 862 atque
1335 821 1402 847 re-

53 870 242 922 creavit,
275 876 366 910 tum
396 869 595 924 agnoscit
626 867 699 908 illa
728 865 1042 907 reminiscendo
1083 872 1212 918 atque
1241 865 1284 904 in
1316 879 1403 904 me-

50 927 228 969 moriam
258 925 372 966 redit
404 940 574 977 eorum,
616 939 727 978 quae
769 924 813 964 in
845 923 1069 979 superiore
1099 922 1189 962 vita
1220 934 1404 975 conspe-

51 991 186 1026 xerat.
257 981 489 1038 Contingit
523 997 626 1022 vero
667 981 772 1022 haec
813 980 1057 1021 recordatio
1104 979 1167 1032 iis¹
1201 978 1405 1019 facillime

52 1048 181 1096 atque
211 1040 412 1093 maxime,
445 1039 518 1093 qui
538 1038 839 1093 philosophiae
871 1052 1016 1078 amore
1041 1036 1223 1077 maxime
1257 1040 1406 1076 tenen-

51 1105 133 1139 tur.
191 1097 334 1139 Huius
376 1096 489 1138 enim
528 1111 609 1151 ope
650 1103 692 1136 et
723 1094 934 1136 beneficio
967 1093 1176 1145 efficitur,
1225 1104 1273 1133 ut
1316 1091 1407 1132 ani-

53 1170 147 1196 mus
175 1153 397 1209 paullatim
428 1168 452 1194 a
483 1152 676 1208 corporis
708 1152 890 1193 vinculis
937 1151 1115 1204 eiusque
1156 1148 1407 1204 cupiditati-

55 1212 137 1254 bus
177 1217 220 1252 et
258 1210 658 1266 perturbationibus
699 1209 928 1261 liberetur„
973 1215 1101 1262 atque
1141 1206 1410 1261 redintegret

58 1267 182 1323 quasi
211 1273 254 1308 et
280 1267 494 1309 instauret
523 1266 769 1306 memoriam
803 1265 1022 1318 idearum,
1056 1263 1111 1304 ad
1143 1278 1323 1317 quarum
1353 1262 1409 1303 si-

57 1323 340 1366 militudinem
381 1337 449 1364 res
490 1323 687 1364 sensibus
725 1322 944 1364 subiectae
987 1321 1279 1363 conformatae
1310 1325 1411 1360 sunt

59 1388 104 1423 ct
133 1395 373 1436 expressae.
434 1379 588 1434 Itaque
620 1395 704 1433 quo
745 1379 840 1433 quis
871 1378 1108 1434 sapientiae
1149 1383 1213 1418 est
1245 1376 1411 1418 studio-

59 1439 161 1490 sior7
196 1453 245 1479 eo
277 1436 446 1478 facilius
478 1436 532 1477 ad
564 1436 790 1490 pristinam
822 1435 938 1476 illam
969 1450 1065 1476 eum
1098 1434 1178 1475 deo
1210 1433 1411 1475 similitu-

60 1495 201 1536 dinem
233 1493 374 1535 denuo
406 1492 602 1534 evehitur
633 1493 687 1546 ss).

173 1553 321 1605 Atque
361 1550 466 1591 haec
507 1548 681 1603 quidem
713 1555 813 1590 sunt
844 1549 933 1590 fere
974 1547 1276 1599 fundamenta,
1320 1545 1414 1599 qui-

60 1609 142 1650 bus
170 1608 295 1649 Plato
328 1608 466 1648 omnis
498 1606 719 1648 doctrinae
759 1622 862 1648 suae
894 1605 1137 1647 aedificium
1169 1610 1415 1658 superstru-

63 1666 137 1707 xit.
195 1665 352 1719 Neque
383 1670 526 1705 tamen
559 1664 665 1706 satis
695 1663 847 1705 habuit
887 1663 1081 1704 veritatis
1120 1662 1262 1703 fontes
1293 1658 1416 1700 inda-

62 1737 214 1779 gasse,
251 1720 329 1764 sed
369 1720 414 1762 id
458 1721 583 1762 etiam
615 1720 783 1762 studuit
815 1720 1010 1773 efficere⁷
1054 1725 1102 1760 ut
1132 1718 1222 1759 veri
1254 1732 1417 1773 cogno-

68 1779 220 1821 scendi
249 1785 291 1819 et
320 1777 566 1832 explicandi
586 1778 797 1818 rationem
815 1777 1093 1832 patefaceret.
1156 1776 1311 1828 Itaque
1341 1772 1418 1813 ad-

63 1836 204 1877 hibuit
235 1842 368 1876 artem
402 1834 694 1887 dialecticam,
726 1850 812 1875 non
843 1848 997 1874 vanam
1029 1833 1143 1873 illam
1177 1839 1218 1872 et
1248 1832 1419 1871 inanem

67 1892 331 1948 argutiarum
375 1891 677 1946 captatricem‚
722 1906 832 1944 quae
871 1892 1015 1931 fucum
1046 1890 1208 1931 faceret
1235 1887 1420 1929 homini-

67 1949 163 2002 bus,
195 1947 273 1990 sed
302 1963 395 1989 eam
425 1948 587 2002 potius,
621 1947 760 2002 qualis
792 1963 817 1988 a
849 1946 1031 1990 Socrate
1071 1952 1187 1987 esset
1217 1944 1422 1986 inchoata

68 2012 112 2047 et
142 2020 251 2060 quae
281 2010 468 2046 mentem
501 2020 525 2045 a
551 2005 696 2060 pravis
726 2004 1026 2060 perversisque
1049 2002 1324 2059 opinionibus
1355 2016 1422 2042 re-

69 2068 297 2118 purgatam
327 2061 382 2102 ad
412 2076 657 2117 germanam
679 2061 939 2116 perduceret
967 2061 1205 2113 seientiam,
1237 2059 1318 2101 hoc
1340 2064 1420 2111 est,

70 2118 125 2161 ad
159 2118 448 2175 cognitionem
477 2119 672 2160 veritatis
707 2127 921 2160 aeternae.

183 2174 560 2229 Quemadmodum
587 2182 729 2217 autem
750 2176 875 2217 Plato
901 2175 1013 2216 hanc
1037 2173 1279 2216 doctrinam
1299 2172 1424 2228 paul-

71 2232 190 2274 latim
223 2232 469 2274 excoluerat
498 2233 806 2288 pervestigatis
838 2232 1111 2287 superiorum
1141 2229 1424 2287 philosopho-

74 2304 168 2330 rum
197 2289 461 2343 rationibus,
504 2289 566 2330 ita
603 2288 718 2331 idem
747 2305 824 2346 per
853 2304 1021 2331 omnem
1051 2289 1260 2343 reliquam
1292 2288 1425 2328 vitam

77 2346 206 2386 etiam
249 2342 416 2387 stud'uit
458 2361 550 2388 eam
579 2346 842 2402 amplificare
885 2352 929 2387 et
955 2345 1176 2401 perficere.
1238 2345 1352 2386 Nam
1384 2349 1428 2384 et

77 2401 348 2444 indefessum
369 2403 563 2444 veritatis
583 2403 772 2446 studium
792 2403 979 2446 animum
999 2402 1224 2455 incitabat,
1243 2407 1293 2442 ut
1314 2415 1425 2455 opus

78 2458 326 2501 inchoatum
357 2475 435 2516 pro
465 2460 628 2502 viribus
659 2461 932 2514 absolveret,
965 2465 1009 2502 et
1038 2458 1426 2515 peregrinationes,

139 2665 169 2704 ‘)
196 2664 245 2696 De
270 2664 336 2695 hac
359 2663 520 2695 Platonis
545 2665 716 2696 sententia
741 2665 900 2696 subtilius
927 2664 1181 2705 disputavimus
1205 2661 1242 2692 in
1271 2660 1430 2700 Prolegg.

203 2711 247 2741 ad
273 2710 494 2748 Phaedrum3
519 2716 570 2741 est
596 2711 686 2742 enim
711 2721 751 2742 ea
778 2721 819 2742 ex
845 2711 919 2751 ipsa
946 2711 1051 2741 animi
1075 2708 1282 2741 immortalis
1306 2712 1433 2740 natura

198 2757 416 2797 explicanda.

1075 2799 1163 2840 B.
