1644 3039
275 178 606 222 APOLOGIA
640 174 958 220 SOCRATIS.
994 176 1042 216 P.
1079 176 1145 215 23.
1179 173 1242 216 St.

1391 174 1444 213 ⁸9

91 299 366 354 δημιουργῶν
400 299 471 338 καὶ
507 297 593 338 τῶν
630 297 887 342 πολιτικῶν,
927 291 1087 336 Λύκων
1125 294 1167 333 δὲ
1206 289 1315 343 ὑπὲρ
1354 292 1439 332 τῶν

91 365 307 425 ῥητόρων.
346 363 449 415 &gre
471 396 480 414 ,
516 361 622 418 ὅπερ
658 361 902 418 ἀρχόμενος
938 358 1016 414 ἐγώ
1058 361 1217 414 ἔλεγον,
1260 356 1444 413 &anyti-

92 475 151 508 viri
194 473 306 515 docti,
357 474 459 506 veluti
505 472 529 503 S
549 472 555 503 Ι
575 481 593 503 u
611 471 619 502 i
639 474 686 502 te
704 479 730 501 r.

92 523 206 554 Lectt.
245 518 412 552 Andocid.
445 530 475 561 p.
508 518 562 552 9⁴3.
594 517 730 557 Droy-

91 577 178 600 sen.
204 567 234 598 in
261 565 483 598 Welckeri
512 564 601 596 Mus.
621 562 730 594 Rhea.

92 614 158 646 III.
186 612 308 654 p.190.
337 609 563 643 Ho'lscher.
591 609 621 640 in
649 609 729 640 Vita

93 660 218 701 Lysiae
249 669 280 700 p.
314 657 390 697 67..
430 656 617 695 Meletum,
662 655 728 685 So-

93 706 196 737 cratis
220 709 474 742 accusatorem,
502 701 601 733 etiam
630 700 731 731 intel-

93 751 265 792 ligendum
295 760 372 781 esse
400 749 431 780 in
464 748 621 779 oratioue
649 747 680 778 A
693 756 730 777 u-

93 795 270 828 docidis
311 795 361 827 De
401 793 575 836 mysteriis
613 791 644 832 ξ.
678 792 733 825 12.

91 842 148 876 35.
179 841 235 875 63.
272 840 327 874 94.
369 841 422 872 ubi
459 839 561 872 homo
595 837 733 879 quidam

93 887 246 921 eiusdem
309 886 453 918 nominis
514 889 737 923 menmratur,

91 934 150 975 qui
177 933 321 975 primum
341 931 477 973 quidem
505 942 536 964 a.
553 930 632 964 415.
658 940 734 962 cum

93 978 277 1012 Alcibiade
304 982 338 1010 et
367 977 546 1009 Andocide
572 976 735 1017 mysteria

93 1025 321 1067 evulgaverit,
364 1035 403 1056 ac
440 1023 563 1054 deiude
594 1033 623 1054 a.
655 1021 735 1056 404.

92 1082 110 1103 a
140 1071 277 1110 triginta
304 1069 381 1101 viris
407 1069 583 1101 Salamina
611 1068 735 1100 missus

93 1118 138 1150 sit
187 1117 353 1149 Leontem
407 1115 631 1147 Salaminium
693 1113 734 1145 ad

94 1163 293 1205 supplicium
320 1160 550 1200 abducturus,
582 1161 612 1192 in
638 1160 734 1192 cuius

94 1208 222 1250 negotii
254 1207 454 1240 societatem
490 1208 656 1238 Socrates
687 1207 736 1237 in-

95 1255 145 1287 fra
185 1265 260 1296 cap.
293 1253 348 1286 20.
384 1263 416 1294 p.
448 1251 504 1286 32.
538 1253 577 1284 C.
616 1252 655 1283 D.
698 1261 736 1283 se

94 1310 232 1343 quoque
259 1300 453 1341 importune
479 1303 637 1330 vocatum
658 1307 736 1329 esse

95 1351 220 1379 narrat.
271 1349 315 1376 At
340 1346 427 1376 enim
451 1355 531 1377 vero
548 1343 633 1375 huuc
650 1353 735 1384 quo-

94 1403 162 1435 que
194 1393 236 1424 al)
261 1397 468 1423 accusatore
497 1389 653 1421 Socratis
686 1390 735 1420 ‹li-

94 1448 230 1471 versum
258 1437 363 1468 fuisse
388 1437 442 1468 vel
474 1435 550 1468 iude
578 1435 736 1476 iutelligi-

95 1490 171 1523 tur,
211 1483 303 1525 quod
339 1482 506 1513 Socrates
538 1482 568 1512 in
605 1480 736 1521 Euthy-

96 1529 225 1572 phrone
254 1529 340 1561 Plat.
368 1528 386 1560 l.
416 1537 445 1559 c.
478 1527 562 1559 dicit
594 1537 736 1558 accusa·

96 1582 205 1608 torem
232 1575 332 1606 istum
359 1583 456 1605 suum
480 1578 514 1606 et
530 1573 737 1605 adolescen-

97 1626 165 1654 tem
194 1632 272 1653 esse
296 1624 331 1652 et
352 1620 415 1651 sibi
444 1618 591 1651 nondum
620 1618 737 1659 cogni-

97 1672 181 1699 tum.
232 1668 349 1707 ltaque
378 1665 554 1697 fatendum
584 1670 649 1704 est,
677 1674 739 1695 nec

97 1714 191 1755 plura
218 1723 317 1754 quam
346 1712 436 1752 apud
454 1711 633 1742 Platonem
662 1720 738 1752 per-

98 1759 222 1800 scripta
248 1760 407 1800 leguntur
441 1757 484 1788 de
511 1756 646 1788 homine
673 1758 739 1786 isto

99 1806 177 1838 scir·
235 1815 297 1836 nec
345 1804 557 1845 exploratum
610 1802 738 1839 halwri,

98 1860 260 1893 quorsum
296 1849 385 1882 istud
421 1845 505 1889 ὑπὲρ
539 1848 604 1879 τῶν
642 1858 738 1888 ποιη-

101 1898 166 1928 τῶν
196 1892 392 1936 ἀχθόμενος
423 1894 642 1926 referendum
685 1894 737 1924 sit.

98 1943 170 1975 Nisi
202 1941 290 1974 forte
319 1941 403 1973 tilius
442 1939 504 1972 snit
532 1940 647 1972 meleti
674 1939 739 1971 illi-

99 1999 159 2027 uS,
197 1988 252 2030 qui
286 1988 328 2019 ab
363 1985 591 2028 Aristophane
625 1985 740 2027 exagi-

100 2041 192 2067 tatus
219 2037 291 2073 est,
325 2032 416 2074 quod
448 2033 527 2064 ideo
562 2036 614 2063 est
652 2031 740 2062 veri-

100 2081 221 2121 simile,
248 2080 324 2121 quia
354 2080 384 2110 in
415 2078 642 2110 accusationis
673 2077 741 2109 sor—

100 2128 201 2164 mula,
232 2125 410 2158 Phavorini
437 2130 550 2157 aetate.
575 2123 684 2156 adhuc
711 2124 741 2155 in

101 2169 243 2215 μητρῴῳ
270 2175 465 2208 asservata,
501 2174 591 2202 teste
618 2169 740 2211 Diog.

103 2219 244 2251 Laert.
282 2218 321 2249 11.
355 2216 411 2250 40.
452 2217 646 2258 appellatus
689 2219 742 2248 est

103 2263 256 2305 Μέλητος
296 2260 455 2303 Μελήτου
502 2260 669 2299 Πιτθεύς,
708 2266 742 2293 et

101 2311 175 2352 ipse
200 2310 307 2352 patris
334 2310 524 2340 aemulatus
548 2310 739 2349 exemplum

102 2356 220 2399 poesin
252 2355 314 2386 iam
354 2354 553 2385 adolescens
584 2354 741 2386 factitare

103 2407 247 2434 conatus
274 2405 336 2431 est.
386 2399 455 2430 sed
484 2399 549 2431 sid.
584 2411 671 2440 quae
698 2399 740 2431 de

103 2448 155 2480 liis
187 2448 288 2480 rebus
334 2445 496 2478 omnibus
538 2445 740 2477 ‹lm-tissime

104 2497 358 2526 commentatus
391 2496 442 2523 est
468 2491 507 2522 C.
538 2491 596 2522 Fr.
633 2491 739 2523 Her-

104 2549 277 2573 mannus
307 2539 363 2570 De.
388 2537 588 2568 Socratis
613 2547 739 2569 accu-

104 2586 332 2619 satoribus
361 2594 393 2626 p.
419 2582 442 2616 4
466 2593 540 2624 sqq.
559 2602 604 2607 —-
638 2587 740 2625 Any-

104 2636 185 2672 tus,
210 2629 453 2664 Anthemionis
478 2629 583 2670 filius,
608 2629 740 2672 βυρσο-

105 2677 209 2720 δέψηε
237 2689 265 2710 s.
305 2675 485 2716 coriarius,
524 2680 562 2708 ut
596 2681 649 2708 est
686 2686 742 2717 ap.

106 2729 235 2759 auctor.
263 2723 371 2766 Epist.
398 2721 481 2755 VII.
515 2722 614 2754 Socr.
634 2722 740 2764 p.30.

108 2774 143 2803 et
171 2770 284 2804 Scliol.
320 2768 362 2801 ad
398 2767 486 2802 Plat.
514 2767 604 2802 Men.
632 2779 662 2811 p.
686 2768 741 2802 90.

800 472 843 501 A.
884 471 960 501 coll.
999 467 1194 509 Xenoph.
1238 469 1336 510 Apol.
1370 468 1438 507 39„

801 515 828 547 h.
864 527 894 547 e.
929 515 1051 556 opificii
1087 514 1221 546 coriarii
1259 515 1354 546 dives
1382 514 1445 545 do-

801 563 930 599 minus,
956 561 1020 592 suit
1046 561 1202 592 Socratis
1228 561 1445 592 adversario-

801 619 873 640 rum
913 609 1015 647 longe
1046 607 1251 646 acerrimus,
1289 611 1326 638 ut
1360 606 1388 638 Η
1405 617 1445 637 o-

799 655 944 686 ratius
975 654 1089 693 satyr.
1117 653 1164 683 ΙΙ.
1191 652 1223 686 4.
1260 652 1347 684 hunc
1381 662 1445 683 uon

800 701 872 731 sine
909 699 1031 731 idonea
1062 709 1182 730 caussa
1210 697 1346 740 Anyti
1382 708 1447 730 re-

800 756 863 777 um
892 745 1127 787 appellaverit.
1157 756 1184 777 v,
1212 745 1252 775 ad
1283 756 1312 786 p.
1336 744 1388 778 18.
1409 744 1446 775 Β.

806 794 919 826 Quum
949 801 1030 822 vero
1058 801 1158 831 opum
1189 795 1223 822 et
1248 790 1443 822 divitiarum

806 837 1036 876 magnitudine
1056 838 1185 868 valeret
1206 838 1386 878 plurimum
1414 837 1446 867 in

806 885 964 921 civitate,
1007 889 1164 924 tempore²
1210 883 1346 924 triginta
1394 889 1448 922 ty-

805 939 985 962 rannorum
1015 930 1044 960 in
1064 929 1202 960 exilium
1221 928 1350 960 eiectus
1381 933 1446 959 cst.

806 976 909 1009 Quod
944 977 987 1006 ita
1023 977 1111 1005 ultus
1148 979 1200 1005 est
1233 979 1369 1015 postca,
1411 979 1449 1005 ut

805 1022 1055 1063 Thrasybulum
1098 1020 1271 1062 pristinam
1312 1020 1449 1052 lilwrta-

805 1075 873 1100 tem
910 1068 1134 1100 vindicantem
1172 1068 1314 1098 multum
1349 1067 1445 1098 auliu-

804 1119 919 1153 varet,
960 1113 1050 1145 unde
1091 1113 1164 1144 eius
1197 1113 1384 1144 auctoritas
1418 1114 1447 1144 in

806 1161 943 1192 civitate
978 1159 1084 1199 magis
1118 1159 1219 1190 etiam
1256 1164 1358 1191 aucta
1385 1164 1448 1191 cst.

808 1217 838 1238 v.
887 1204 1077 1246 Xenoph.
1136 1204 1272 1236 Hellen.
1328 1205 1367 1236 ll.
1415 1206 1448 1237 3.

810 1253 903 1294 hys.
936 1252 1010 1283 adv.
1049 1254 1151 1290 Assor.
1185 1250 1211 1290 ξ.
1240 1251 1292 1285 78.
1328 1251 1447 1285 Diod.

806 1298 909 1331 XIII.
928 1297 983 1331 64.
1014 1297 1119 1329 Plat.
1142 1297 1249 1338 Epist.
1274 1297 1341 1329 vll.
1359 1297 1448 1331 med.

809 1345 927 1385 ltaque
955 1345 1008 1376 ille
1037 1344 1174 1375 summis
1202 1343 1362 1375 admotus
1389 1343 1449 1374 ho-

807 1391 946 1422 noribus
980 1396 1049 1429 cst,
1083 1400 1186 1429 quum
1223 1389 1300 1420 inde
1334 1402 1351 1422 a
1379 1390 1448 1421 Cli-

806 1435 934 1468 sthenis
951 1439 1064 1467 notare
1081 1436 1133 1467 vel
1151 1435 1331 1477 opificibus
1359 1446 1449 1467 rem-

806 1482 971 1524 publicam
1022 1492 1204 1522 capessere
1247 1481 1375 1514 liceret.
1417 1492 1447 1515 v.

810 1529 918 1560 l'lat.
953 1527 1087 1559 Menon.
1123 1538 1155 1568 p.
1192 1527 1246 1560 90.
1285 1528 1322 1559 R.
1367 1527 1447 1560 Xe—

807 1573 928 1616 noph.
961 1575 1060 1615 Apol.
1095 1572 1123 1612 ξ.
1151 1574 1204 1607 29.
1263 1575 1360 1607 (luae
1395 1584 1449 1605 res

806 1621 953 1652 animum
983 1620 1066 1654 eius,
1091 1621 1152 1652 iam
1181 1624 1300 1651 natura
1329 1619 1369 1651 ad
1398 1619 1450 1651 fa-

807 1671 898 1698 stum
926 1666 1125 1707 proclivem,
1154 1676 1296 1707 prorsus
1323 1666 1450 1707 impor-

809 1719 889 1744 tuna
919 1712 1065 1753 replevit
1093 1713 1265 1754 superbia,
1297 1711 1328 1743 id
1357 1711 1447 1753 quod

809 1760 949 1791 evenire
982 1759 1072 1789 solet
1107 1763 1219 1789 terrae
1260 1758 1354 1797 siliis,
1395 1758 1450 1798 qui

810 1806 901 1835 nullo
936 1805 1059 1834 merito
1093 1813 1155 1834 suo
1188 1804 1229 1835 ad
1263 1803 1362 1835 altius
1401 1804 1451 1834 ‹li—

809 1850 948 1889 unitatis
983 1849 1153 1889 fastigium
1189 1848 1390 1880 eveluintur.
1419 1860 1449 1880 v.

811 1898 900 1929 Men.
937 1897 956 1928 l.
986 1906 1014 1925 r.
1073 1896 1194 1936 Itaque
1229 1896 1349 1928 mirum
1386 1905 1451 1926 uon

811 1948 874 1981 est,
901 1942 991 1983 quod
1019 1942 1201 1973 Socratem
1236 1942 1266 1973 in
1300 1941 1451 1982 discipli-

810 1999 850 2020 na
885 1994 919 2020 et
956 1987 1168 2020 institutione
1209 1988 1450 2030 discipulorum

811 2035 966 2075 exempla
1016 2035 1057 2064 al)
1097 2035 1294 2074 sutoribus,
1332 2034 1451 2073 fabris,

811 2080 983 2119 coriariis,
1010 2081 1085 2111 aliis
1112 2080 1314 2120 opificibus,
1349 2090 1452 2121 repe-

812 2131 942 2159 tentem
959 2136 1082 2165 maggno
1099 2126 1179 2157 odio
1200 2126 1325 2163 habuit,
1353 2137 1453 2167 prae-

812 2173 930 2205 sertim
981 2182 1081 2213 quum
1134 2175 1235 2204 otiam
1280 2172 1453 2213 sophistas

812 2224 977 2260 tanquam
1017 2223 1148 2259 pestem
1193 2224 1222 2251 et
1266 2218 1450 2260 perniciem

812 2266 962 2297 ciuitatis
978 2264 1197 2296 vehementer
1216 2269 1452 2304 aversarctur3

811 2312 874 2343 suit
899 2311 985 2342 euim
1015 2309 1115 2342 homo
1143 2311 1243 2351 plane
1270 2310 1452 2342 democra-

811 2358 914 2395 ticus,
960 2357 991 2388 in
1034 2367 1101 2397 quo
1149 2356 1378 2396 sophistarum
1420 2361 1455 2388 et

811 2403 1090 2445 philosophorum
1131 2402 1242 2434 odium
1277 2412 1342 2433 non
1392 2402 1454 2433 mi-

811 2460 905 2486 rum;
941 2459 971 2480 v.
1007 2448 1141 2481 Menon.
1168 2458 1199 2489 p.
1223 2448 1278 2482 91.
1309 2452 1331 2479 Α
1351 2467 1394 2470 -
1414 2449 1454 2480 C.

811 2496 922 2527 Tanta
952 2499 1064 2526 autem
1099 2493 1162 2525 suit
1189 2493 1313 2530 ingenii
1340 2495 1452 2536 pervi-

809 2542 914 2581 cacia,
942 2545 978 2571 ut
1008 2540 1098 2572 Men.
1124 2538 1271 2574 92-94.
1299 2539 1339 2571 E.
1387 2539 1452 2572 So-

808 2587 890 2619 crati
934 2596 976 2617 nc
1011 2586 1118 2617 virtus
1151 2596 1215 2617 non
1248 2587 1357 2628 possit
1391 2586 1452 2618 do-

810 2633 915 2665 ctrina
948 2635 982 2663 et
1013 2631 1221 2663 institutione
1256 2633 1451 2674 comparari

809 2677 994 2716 metuenti,
1023 2686 1128 2719 quum
1157 2676 1229 2719 ipse
1254 2678 1354 2710 aliter
1380 2682 1454 2711 sta-

810 2724 930 2763 tuerit,
976 2722 1230 2756 minitabundus
1260 2724 1447 2758 acclamet:

810 2781 830 2802 0
854 2770 1061 2806 Socrate,
1085 2771 1331 2803 temeraria
1357 2781 1453 2804 cum

1474 298 1524 336 24
