1644 3039
213 186 265 226 34
588 181 1076 225 PROLEGOMENA
1108 184 1194 225 AD

213 312 306 338 mus
346 297 530 351 denique
576 297 666 337 eius
706 296 991 337 constantiam
1024 303 1065 336 et
1096 296 1407 339 fortitudinem.
1467 299 1558 340 Ita-

213 369 295 408 que
325 369 403 396 nec
435 355 479 394 in
509 354 604 408 ipso
636 353 753 394 exitu
794 352 1080 404 defensionis,
1125 367 1228 394 suae
1260 354 1339 395 sibi
1385 355 1557 397 virtutis

212 412 437 455 conscius,
478 409 691 451 iudicibus
736 411 933 465 generosi
973 410 1159 465 pectoris
1203 411 1334 451 robur
1373 412 1557 465 probare

211 468 452 509 intermisit.

323 527 470 578 Atque
498 523 600 563 haec
635 521 807 576 quidem
840 523 891 564 de
922 524 1059 579 prima
1088 529 1209 578 parte
1241 523 1446 565 orationis
1475 524 1557 567 So-

211 582 410 622 craticae.
482 579 655 632 Quibus
699 581 907 635 expositis
947 580 1223 635 perspicuum
1271 580 1362 621 fore
1410 581 1558 622 existi-

209 653 398 690 mamus,
460 636 683 679 Socratem
736 652 880 678 coram
927 636 1142 677 iudicibus
1191 651 1385 678 caussam
1436 653 1557 679 suam

210 701 405 735 orantem
448 694 509 734 ita
548 694 591 734 in
632 692 712 734 hoc
763 693 872 734 libro
916 693 1178 748 descriptum
1219 708 1335 745 esse,
1388 700 1439 734 ut
1476 695 1557 736 viri

210 751 391 792 consilia
429 757 558 805 atque
604 749 748 790 studia.
777 750 903 805 plane
936 749 990 790 ad
1020 750 1224 791 historiae
1255 749 1383 791 fidem
1415 749 1556 793 defor-

208 814 321 848 mata
352 806 606 848 habeantur.
667 806 737 847 Ex
782 823 866 861 quo
905 807 1099 862 profecto
1132 806 1367 848 clarissime
1398 807 1556 849 intelli-

208 864 338 919 gitur,
372 864 597 905 Platonem
628 863 671 903 in
703 863 930 905 condendo
957 863 1038 904 hoc
1059 863 1269 918 opusculo
1301 863 1408 904 nihil
1439 865 1556 906 aliud

207 922 472 976 spectavisse
520 935 647 974 quam
697 920 815 974 quod
863 936 993 974 supra
1036 920 1335 962 iudicavimus.
1403 921 1556 962 Voluit

207 977 319 1018 enim
349 978 579 1033 imaginem
610 976 802 1019 Socratis
837 977 1037 1018 exhibere
1074 984 1295 1031 tamquam
1327 977 1381 1018 ad
1410 978 1555 1019 vivum

206 1034 422 1089 exemplar
453 1048 721 1088 expressam,
763 1033 877 1075 unde
917 1049 1044 1087 quam
1086 1034 1344 1075 clarrissime
1391 1036 1555 1091 perspi-

207 1097 376 1131 ceretur
407 1091 459 1132 ab
493 1090 708 1143 omnibus,
740 1090 843 1144 quid
873 1090 1220 1145 philosophando
1241 1091 1418 1146 egisset,
1451 1092 1556 1146 quid

206 1146 258 1188 de
300 1147 382 1188 diis
421 1161 655 1201 eorumque
697 1148 972 1188 veneratione
1014 1148 1243 1201 sensisset,
1301 1147 1406 1202 quid
1443 1149 1555 1189 iudi-

206 1210 347 1246 casset
400 1203 453 1244 de
501 1210 615 1245 statu
662 1218 803 1244 rerum
843 1203 981 1249 civili,
1033 1203 1218 1257 denique
1269 1219 1474 1258 quorsum
1514 1213 1557 1246 et

206 1276 291 1314 quo
331 1261 473 1301 animo
515 1275 592 1301 sua
630 1259 806 1301 vivendi
845 1260 1028 1301 consilia
1067 1260 1316 1314 direxisset,
1367 1268 1417 1302 ut
1459 1262 1554 1303 istis

205 1317 403 1358 omnibus
445 1316 675 1358 declaratis
714 1317 843 1357 etiam
882 1332 1060 1358 caussae
1091 1317 1362 1359 iniustissimi
1392 1319 1555 1375 suppli-

206 1374 283 1427 cii,
325 1388 410 1427 quo
449 1379 565 1415 esset
604 1372 807 1427 affectus,
848 1380 1216 1430 cognoscerentur
1263 1380 1393 1428 atque
1440 1377 1556 1417 omni

203 1430 450 1485 posteritati
480 1430 755 1472 simulacrum
784 1431 867 1471 viri
898 1430 952 1471 ad
982 1431 1205 1471 veritatem
1236 1431 1426 1472 effictum
1454 1448 1554 1488 pro-

203 1494 459 1542 poneretur,
497 1487 542 1527 in
587 1485 705 1540 quod
745 1502 892 1528 omnes
932 1502 1071 1540 usque
1109 1487 1170 1542 pii
1211 1494 1338 1542 atque
1375 1503 1553 1530 venera-

204 1543 340 1585 bundi
368 1544 652 1584 intuerentur.

315 1600 389 1642 Ad
420 1599 530 1641 hane
562 1615 661 1641 vero
691 1600 920 1656 imaginem
963 1601 1044 1641 viri
1076 1600 1457 1642 consummandam
1488 1607 1553 1641 at-

205 1673 287 1711 que
317 1656 624 1712 perficiendam
655 1657 748 1698 sine
781 1657 913 1698 dubio
944 1658 1072 1699 etiam
1095 1672 1144 1698 ea
1173 1658 1410 1712 pertinent,
1443 1672 1553 1712 quae

202 1715 442 1768 posteriore
481 1713 580 1755 libri
620 1720 744 1768 parte
785 1713 886 1754 inde
926 1729 950 1754 a
989 1730 1031 1769 p.
1074 1715 1140 1755 36.
1181 1715 1237 1755 A.
1284 1720 1553 1770 perorantur.

204 1769 327 1823 Quae
356 1777 472 1812 certe
504 1769 692 1812 dubitari
730 1786 818 1811 non
857 1777 1004 1826 potest
1045 1771 1148 1825 quin
1179 1777 1220 1812 et
1258 1771 1352 1827 ipsa
1383 1786 1471 1812 non
1502 1786 1555 1812 ex

202 1828 286 1869 alio
331 1828 450 1869 fonte
489 1826 618 1868 ducta
660 1827 745 1868 sint
787 1842 916 1881 quam
953 1842 1006 1868 ex
1042 1843 1183 1868 rerum
1222 1843 1320 1869 vere
1363 1834 1554 1869 actarum

201 1884 419 1925 memoria.
480 1882 611 1936 Quod
651 1885 763 1925 enim
794 1884 976 1939 primum
1007 1884 1198 1926 Meletus
1228 1892 1427 1926 narratur
1453 1900 1554 1941 pro-

202 1940 433 1997 pemodum
473 1955 627 1981 caussa
668 1940 877 1982 cecidisse
910 1943 972 1996 (p.
1003 1942 1073 1983 36.
1104 1942 1182 1996 A.)
1222 1943 1334 1983 iusto
1379 1941 1554 1983 damna-

203 1998 412 2038 toriorum
463 1995 765 2052 suffragiorum
813 2013 991 2038 numero
1041 1998 1113 2038 vix
1161 2006 1365 2053 accepto,
1415 2013 1553 2053 eoque

203 2054 331 2095 modo
364 2052 632 2109 significatur
677 2053 747 2093 vel
785 2054 897 2093 inter
928 2054 1131 2096 heliastas
1162 2055 1296 2096 fuisse
1327 2055 1551 2109 plurimos,

204 2112 278 2165 qui
309 2110 361 2152 de
395 2110 635 2153 Socrate
678 2110 888 2151 sentirent
926 2111 1099 2160 melius3
1138 2110 1254 2165 quod
1292 2126 1421 2166 porro
1452 2125 1551 2152 reus

202 2168 322 2209 litem
364 2182 485 2208 suam
526 2167 750 2208 aestimare
787 2166 930 2208 iussus
971 2167 1112 2208 denuo
1159 2167 1383 2209 confirmat
1421 2182 1465 2209 se
1499 2167 1552 2208 de

201 2225 368 2266 civibus
408 2224 497 2264 suis
539 2224 698 2279 optime
727 2224 926 2265 meritum
966 2223 1048 2265 sibi
1077 2223 1216 2265 videri
1244 2224 1430 2279 ideoque
1460 2240 1553 2265 mu-

200 2297 301 2323 nere
332 2281 416 2323 sibi
448 2279 655 2321 divinitus
685 2279 912 2332 mandato,
956 2280 1170 2334 siquidem
1209 2282 1298 2322 vita
1335 2287 1551 2337 suppetat,

200 2346 410 2394 perpetuo
443 2350 537 2378 esse
568 2343 816 2378 constanter
844 2352 894 2378 ac
924 2337 1109 2378 fideliter
1129 2338 1402 2388 functurum3
1436 2337 1554 2391 quod

201 2396 387 2451 denique
428 2393 542 2434 idem
581 2408 714 2434 suasu
753 2394 987 2435 amicorum
1037 2410 1211 2436 suorum
1255 2410 1349 2436 eum
1392 2395 1553 2436 servari

200 2452 465 2509 cupientium
515 2450 692 2491 multam
739 2450 927 2504 aliquam
975 2449 1101 2492 offert
1139 2452 1315 2505 eiusque
1363 2465 1553 2492 summae

199 2525 429 2567 sponsores
469 2507 573 2548 satis
613 2507 851 2561 locupletes
907 2523 960 2549 ex
1009 2508 1156 2550 31111015
1205 2509 1293 2549 51115
1341 2507 1553 2561 quosdam

199 2568 291 2608 {ore
322 2567 576 2622 pollicetur3
611 2563 756 2605 valent
774 2562 947 2618 quidem
969 2564 1052 2605 ista
1074 2565 1217 2606 onmia
1248 2564 1303 2605 ad
1334 2564 1552 2605 illustran-

200 2623 297 2664 dam
347 2620 541 2666 Socratis
582 2620 1005 2676 magnanimitatem,
1057 2622 1370 2672 innocentiam,
1423 2620 1552 2661 fidem

199 2686 327 2734 atque
379 2677 691 2729 constantiam,
746 2676 820 2718 sed
869 2686 1025 2718 natura
1076 2693 1152 2719 sua
1205 2678 1307 2718 item
1355 2677 1415 2717 ita
1453 2684 1552 2718 sunt

201 2744 471 2792 comparata.
518 2740 564 2774 ut
606 2734 730 2788 plane
764 2733 815 2774 de
847 2733 985 2774 media
1018 2735 1107 2776 vita
1139 2740 1276 2776 sumta
1309 2732 1550 2775 videantur.

1611 2463 1617 2488 ἰ

1614 2492 1616 2502 Ι
