1644 3039
142 227 459 271 PLATONIS
491 225 878 270 APOLOGIAM
907 224 1226 268 SOCRATIS.
1318 224 1371 265 33

20 342 296 399 Xenopho
312 358 366 408 n.,
383 342 516 384 Mem.
549 340 584 382 Ι.
618 342 658 394 2,
690 341 759 381 47.
792 339 845 382 de
877 338 1014 381 Critia
1045 344 1088 380 et
1116 336 1368 380 Alcibiade:

21 404 109 443 ἐπεὶ
141 406 293 442 τοίνυν
312 415 495 455 ταχιστα
516 400 601 439 τῶν
622 399 973 450 πολιτευομένων
993 394 1218 449 ὑπέλαβον
1236 397 1370 450 κρείτ-

19 474 144 508 τονες
183 456 319 511 εἶναι,
359 454 592 510 ,Σωκράτει
640 457 720 507 μὲν
762 453 909 496 οὐκέτι
954 450 1222 511 προςῃέσαν·
1271 449 1370 493 οὔτε

19 513 101 571 χὰρ
142 514 295 563 αὐτοῖς
336 511 474 561 ἄλλως
505 510 709 567 ἤρεσκεν,
754 511 791 552 εἴ
832 527 874 553 τε
905 512 1222 563 πῃυςὲλθοιεν,
1262 506 1369 564 ὑπὲρ

21 574 80 614 ὠν
120 569 378 626 ’ἡμάρτανον
417 568 689 624 ἐλεγχόμενοι
732 566 956 622 ἤχθοντο·
1004 567 1057 607 τά
1096 568 1141 608 δὲ
1179 568 1255 617 τῆς
1295 564 1370 607 πό-

18 631 125 678 λεως
156 632 371 679 ἔπραττον
403 644 439 669 κ.
471 643 507 668 τ.
538 628 575 667 λ.
636 623 755 678 Quin
800 625 929 666 etiam
965 623 1095 665 sicuti
1126 622 1286 665 Critias
1325 622 1371 664 in

19 684 259 743 oligarchia
308 684 465 726 dicitur
502 682 637 724 luisse
676 681 984 724 iniustissimus
1025 686 1068 721 et
1105 679 1371 721 violentissi-

18 758 138 794 mus,
171 743 231 784 ita
260 740 512 784 Alcibiades
543 739 588 781 in
619 738 962 780 democratia
1006 737 1151 778 extitit
1181 737 1372 778 omnium

16 799 390 856 petulantissimus
429 797 699 851 maximeque
737 795 934 837 iniurius.
1003 794 1160 848 Itaque
1208 794 1371 835 factum

18 862 87 898 est
125 871 254 909 sane,
294 861 344 897 ut
382 854 586 898 Socrates
618 852 893 895 Alcibiadem
935 858 977 894 et
1007 850 1186 893 Critiam
1225 865 1372 891 corru-

17 913 136 969 pisse
158 912 389 966 diceretur,
412 911 488 954 sed
512 911 675 953 factum
697 909 741 951 id
763 916 830 952 est
849 924 927 965 per
950 908 1191 951 calumniae
1211 907 1372 962 impro-

19 970 214 1023 bitatem,
246 984 357 1024 quae
387 969 504 1024 plebi
534 974 713 1024 propter
741 982 892 1008 recens
915 965 1204 1007 democratiae
1236 978 1374 1019 nuper

19 1026 191 1068 demum
221 1027 445 1068 restitutae
476 1024 666 1067 studium
698 1039 906 1080 perquam
946 1022 1213 1078 suspiciosae
1255 1021 1373 1061 frau—

17 1083 192 1125 dulente
222 1083 430 1140 imposuit
459 1097 639 1136 eamque
671 1081 727 1123 ad
758 1080 1014 1122 iniustitiam
1044 1078 1241 1121 omnibus
1269 1092 1372 1133 poe-

16 1139 238 1182 nitendam
278 1155 356 1196 per
405 1140 566 1181 malum
608 1154 795 1180 errorem
835 1136 1048 1180 abstraxit
1088 1136 1143 1190 ²¹⁶).
1213 1134 1371 1188 Neque

17 1197 130 1239 enim
164 1197 353 1239 dubitari
383 1203 533 1251 potest
564 1196 669 1251 quin
701 1195 906 1238 Socrates
942 1194 1011 1235 hic
1043 1206 1214 1247 quoque
1246 1191 1372 1246 plane

19 1253 74 1295 ad
112 1254 317 1296 historiae
356 1253 487 1295 fidem
527 1252 770 1309 descriptus
817 1252 875 1293 sit
906 1250 1135 1305 omniaque
1167 1249 1219 1290 ab
1249 1249 1372 1305 Apo-

17 1311 159 1368 logiae
191 1310 416 1352 conditore
446 1309 616 1351 veritati
646 1309 953 1351 convenienter
981 1308 1070 1349 sint
1100 1305 1311 1362 exposita.

130 1400 288 1455 Neque
312 1415 416 1442 vero
438 1399 565 1441 aliter
585 1397 866 1441 iudicandum
890 1397 943 1439 de
969 1398 1024 1439 iis
1043 1395 1232 1449 videtur,
1263 1410 1374 1450 quae

17 1457 212 1513 proxime
233 1456 350 1512 apud
372 1457 598 1498 Platonem
623 1456 962 1510 subsequuntur.
1002 1452 1138 1507 Quod
1159 1453 1272 1494 enim
1291 1451 1374 1495 So-

18 1521 157 1556 crates
187 1519 431 1567 asseverat,
462 1513 675 1554 neminem
707 1527 964 1567 quemquam
995 1526 1159 1564 eorum,
1192 1509 1266 1563 qui
1296 1524 1376 1551 sua

18 1570 236 1626 quondam
255 1571 323 1613 usi
345 1571 434 1612 sint
458 1569 765 1622 familiaritate,
789 1569 871 1611 sibi
896 1574 1049 1625 postea
1068 1566 1168 1609 ideo
1192 1581 1374 1608 succen-

18 1628 157 1670 suisse
177 1633 252 1669 aut
269 1627 389 1669 litem
406 1627 660 1680 intendisse,
692 1625 901 1682 plurimos
922 1632 1067 1667 autem
1097 1624 1228 1666 etiam
1258 1637 1374 1665 nunc

19 1700 130 1739 esse,
153 1684 227 1740 qui
247 1684 329 1727 sibi
347 1699 488 1739 usque
507 1684 617 1727 bene
646 1683 841 1739 cupiant,
861 1682 906 1724 id
936 1681 1186 1739 planissime
1218 1680 1374 1722 confir-

18 1748 161 1784 matur
190 1741 320 1783 etiam
351 1757 376 1783 a
393 1741 441 1783 X
456 1740 776 1798 enophonte
798 1740 982 1782 Memor.
1004 1740 1038 1780 Ι.
1061 1740 1103 1792 2,
1123 1739 1178 1780 48
1199 1752 1265 1792 sq.
1299 1736 1374 1778 ubi

17 1798 130 1840 inter
159 1798 245 1840 alia
273 1798 383 1841 haec
413 1804 535 1840 sunt:
575 1800 647 1839 καὶ
690 1798 859 1839 τούτων
899 1797 1031 1851 (quos
1073 1793 1203 1837 modo
1235 1793 1374 1835 nomi-

18 1855 158 1911 navit)
193 1855 338 1904 οὐδεὶς
368 1853 467 1896 οὔτε
498 1853 708 1908 νεώτερος
738 1852 835 1896 οὔτε
866 1852 1162 1907 πρεσβύτερος
1193 1847 1252 1892 ὢν
1284 1848 1371 1892 οὔτ’

19 1918 195 1964 ἐποίησε
217 1911 354 1953 κακὸν
377 1912 505 1954 οὐδὲν
523 1910 622 1953 οὔτε
640 1913 787 1952 αἰτίαν
809 1915 941 1966 ἔσχεν.
985 1911 1053 1952 Ac
1074 1924 1128 1950 ne
1147 1906 1256 1950 illud
1279 1907 1374 1962 qui-

19 1967 118 2010 dem
160 1983 186 2010 a
224 1967 407 2010 veritate
445 1974 490 2010 et
529 1968 735 2010 historiae
777 1967 865 2009 fide
904 1966 1135 2008 abhorrere
1167 1963 1375 2006 credibile

19 2031 111 2079 est,
151 2024 269 2079 quod
294 2025 340 2067 in
367 2025 463 2081 ipso
494 2026 613 2067 exitu
644 2025 852 2067 orationis
884 2030 1107 2077 narratur,
1147 2021 1375 2065 Socratem

19 2081 177 2138 spretis
215 2082 413 2124 omnibus
451 2083 654 2139 precibus
683 2089 726 2124 et
756 2081 1120 2124 obtestationibus
1158 2079 1205 2121 id
1242 2094 1374 2121 unum

17 2145 219 2196 optasse,
249 2145 298 2180 ut
329 2139 497 2182 iudices
531 2145 703 2181 servata
731 2138 991 2181 sacramenti
1021 2137 1111 2179 dati
1142 2136 1375 2178 sanctitate

19 2196 134 2239 bona
171 2211 270 2238 cum
309 2195 397 2238 fide
434 2195 489 2238 de
526 2211 684 2238 caussa
722 2211 802 2238 sua
831 2195 1136 2245 decernerent3
1181 2192 1374 2247 alioquin

19 2253 132 2294 enim
164 2253 372 2295 violatum
400 2253 453 2295 iri
483 2253 691 2310 pietatem
722 2254 784 2309 (p.
816 2255 885 2295 34.
918 2250 955 2294 C
977 2275 1033 2282 —
1057 2252 1126 2294 35.
1144 2250 1220 2305 E).
1280 2248 1374 2291 No-

19 2309 159 2351 vimus
190 2310 304 2352 enim
335 2310 597 2367 singularem
625 2310 707 2352 viri
735 2310 960 2366 pietatem3
998 2308 1198 2350 novimus
1228 2305 1375 2362 probi-

19 2366 122 2409 tatis
152 2371 196 2408 et
225 2365 467 2410 honestatis
507 2382 719 2422 amorem,
763 2383 849 2423 quo
888 2366 971 2408 fuit
1007 2364 1212 2422 insigni53
1251 2362 1374 2405 novi-

65 2567 83 2586 ,
837 2566 844 2574 .
1217 2564 1225 2572 .
1246 2565 1254 2573 .

86 2565 103 2608 )
131 2564 672 2652 {ss?b?³¹512;„‚¹⁸¹3?1¹23m¹5÷„²²4
691 2577 771 2645 5:33·
791 2565 945 2645 §¹3:²55ss
970 2565 1376 2651 ‘3⁵52532‘s2ta‘i{¹5·²333„32

133 2658 240 2691 fuisse
264 2668 304 2690 ac
327 2661 579 2699 temperantes,
613 2658 675 2691 sed
701 2660 823 2691 relicto
849 2658 908 2691 illo
932 2661 1117 2699 corruptos
1144 2667 1224 2689 esse
1248 2658 1374 2689 multo-

135 2713 280 2746 rumque
318 2704 486 2736 malorum
527 2708 691 2737 auctores
729 2705 897 2737 extitisse.
953 2704 1107 2735 Delirant
1143 2703 1266 2745 igitur,
1316 2704 1376 2745 qui

134 2751 247 2783 omnia
276 2749 411 2782 illorum
443 2751 578 2782 scelera
612 2754 647 2784 et
683 2751 811 2794 flagitia
834 2751 877 2784 ἰΙΙί
904 2749 1093 2792 imputant,
1128 2753 1164 2781 ut
1188 2758 1300 2791 nuper
1325 2748 1373 2782 fe-

137 2796 183 2828 cit
206 2795 347 2838 quidam
372 2795 521 2829 criticus.

83 2862 169 2895 plat.
193 2863 282 2906 ορρ,
313 2864 389 2896 v01.
417 2863 443 2896 1.
470 2863 508 2896 P.
538 2863 564 2896 1.
1079 2851 1102 2890 3
