1644 3039
240 180 572 226 APOLOGIA
604 180 923 225 SOCRATIS.
967 180 1014 220 P.
1054 182 1114 222 15).
1154 178 1217 221 St
1347 181 1398 219 (323

59 301 221 345 στεύων
235 303 330 352 Ma).
335 299 439 353 ητός
456 319 507 356 με
527 298 758 358 ἐ,ρα’ψατο
784 297 899 353 τὴν)
902 296 1053 356 ρειᾳ-ὴν
1071 313 1237 348 ταυτην
1291 295 1404 340 Εἶεν.
1444 307 1479 347 P,

0 369 1 374 ’
59 387 99 413 τι
94 367 162 421 δη
178 371 376 422 λέγοντες
389 370 619 423 διέβαλλον
639 383 681 409 οι
704 364 1043 421 διαβάλλοντεςς
1067 362 1204 418 ὥςπερ
1226 355 1307 406 οὖν
1332 381 1409 406 κα-

59 454 138 491 tm
142 436 255 492 όρων
267 452 349 487 την
361 450 648 490 αντωιιοσιαν
661 431 848 487 δεῖάνα)
854 450 987 476 νωναι
1001 447 1170 474 αυτων
1186 430 1408 486 Σωκρά-

58 520 155 556 της
180 501 370 545 ἀδικεῖ
403 505 493 545 καὶ
533 499 981 556 περιεργάζεται
1031 500 1204 551 ζητῶν
1245 498 1307 540 rcc'
1356 515 1408 541 τε

58 567 476 625 ὑπὸγῆςκαὶτά
507 567 853 622 ἐπουράνια,
885 569 979 609 καὶ
1009 566 1113 619 τὸν
1144 564 1289 617 ἥττω
1327 564 1410 608 λό-

60 655 161 692 γον
193 640 424 691 κρείττω
461 638 662 685 ποιῶν,
695 637 784 677 καὶ
820 632 1032 684 ἄλλους
1062 631 1241 676 ταύτὰ
1283 634 1406 675 ταῦ-

61 721 124 747 τα
157 704 460 747 διδάσκων.
504 701 697 754 Τοιαύτη
718 706 782 752 τίς
798 708 910 745 ἐστι·
951 703 1090 743 ταῦτα
1120 699 1204 757 γὰρ
1242 702 1404 755 ἑωρᾶτε
1447 705 1481 747 C

61 813 199 846 Dobree
224 812 266 845 ad
298 813 400 847 Arist.
426 813 531 845 Rann
560 822 590 844 v.
618 811 718 846 1336.
745 823 776 853 p.
802 812 880 847 371.
907 813 960 845 ed.
985 811 1080 853 Lips.
1105 811 1250 843 Porson.
1278 810 1320 843 ad
1347 813 1408 843 Ar-

59 869 152 901 gum.
176 857 288 891 Nubb.
313 858 396 891 ibid.
422 869 454 901 p.
479 858 556 893 249.
573 858 677 891 Kidd.
707 858 748 890 ad
765 859 902 890 Dawes.
925 858 1020 890 Misc.
1046 869 1078 899 p.
1108 857 1209 898 488)
1233 858 1315 890 satis
1336 867 1409 889 mu-

60 906 183 944 niatur,
213 908 306 936 certe
331 915 397 937 non
424 908 498 944 est,
527 915 586 937 cur
611 905 643 936 in
669 905 936 937 controversiam
965 910 1118 937 vocetur.
1169 903 1271 937 Quod
1299 914 1340 935 ne
1366 904 1410 935 ita

61 951 200 992 quidem
232 949 425 983 faciendum
460 955 643 991 putamus,
674 955 711 982 ut
742 955 982 982 accusatorem
1010 950 1164 981 Socratis
1193 949 1409 987 Melitum,

60 998 146 1030 aiios
178 1000 292 1028 autem
321 998 544 1039 cognomines
577 996 640 1035 (de
670 997 792 1037 quibus
827 1007 857 1028 v.
886 995 927 1028 ad
964 1007 995 1038 p.
1032 996 1086 1029 23.
1121 996 1177 1034 E.)
1205 996 1412 1035 Meletos,

59 1043 253 1086 appellatos
267 1053 344 1075 esse
364 1048 564 1082 statuamus,
592 1043 692 1075 sicuti
718 1043 846 1085 placuit
872 1041 1192 1074 Forchhamero
1215 1042 1276 1074 Die
1302 1041 1411 1074 Athe-

60 1098 120 1122 ner
145 1098 176 1120 u.
203 1088 368 1121 Socrates
395 1100 426 1131 p.
439 1088 481 1122 81
509 1100 558 1130 sq.
584 1093 618 1121 et
646 1088 893 1122 Welcker0:
922 1088 1057 1121 Griech.
1079 1088 1251 1130 Tragoed.
1279 1100 1309 1131 p.
1334 1087 1411 1122 973.

60 1133 170 1167 Codd.
198 1134 288 1166 euim
313 1135 432 1177 optimi
460 1136 584 1176 quique
613 1136 714 1167 etiam
741 1134 828 1177 apud
860 1145 920 1167 eos
947 1135 1144 1176 scriptores,
1172 1135 1226 1165 ubi
1251 1135 1293 1166 de
1309 1145 1411 1166 accu-

61 1185 179 1212 satore
198 1179 354 1212 Socratis
379 1182 584 1213 mentionem
612 1181 683 1213 fieri
712 1180 926 1213 manifestum
955 1185 1017 1219 est,
1043 1180 1211 1213 hominem
1233 1181 1412 1215 Meletum,

62 1236 128 1258 non
153 1225 330 1266 Melitam,
362 1227 564 1260 nominatum
598 1226 706 1260 fuisse
736 1226 862 1267 liquido
889 1231 1070 1259 testantur.
1119 1226 1187 1258 His
1214 1227 1313 1266 iggitur
1337 1228 1411 1267 plns

62 1270 278 1304 tribuendum
311 1282 409 1313 quam
444 1273 545 1305 meris
579 1273 782 1304 novitiorum
817 1273 1009 1304 criticorum
1049 1272 1276 1314 opinionibus
1325 1272 1411 1304 For-

62 1328 151 1350 mam
179 1316 352 1349 Μελιτίδαι
371 1318 459 1360 apud
478 1319 581 1350 Arist.
607 1319 715 1351 Rann.
744 1330 773 1352 v.
799 1318 876 1352 991.
904 1322 1100 1360 corruptam
1129 1329 1207 1351 esse
1233 1324 1267 1352 et
1294 1319 1323 1350 in
1341 1318 1411 1350 Με-

63 1362 190 1405 λητίδαι
216 1364 413 1397 mutandam
441 1364 563 1396 docuit
594 1375 702 1407 nuper
728 1364 927 1398 Dindorf.
956 1366 986 1396 in
1015 1365 1086 1396 edit
1111 1364 1222 1398 Oxou.
1266 1365 1413 1397 Fallitur

62 1420 146 1451 ergo
174 1409 357 1443 Brunck.
384 1410 425 1442 ad
454 1410 565 1444 Rann.
597 1421 625 1442 v.
658 1411 738 1444 991.
770 1416 803 1443 et
830 1410 929 1445 1337.
962 1411 1003 1442 ad
1039 1411 1136 1443 cuius
1168 1412 1410 1444 auctoritatem

60 1455 204 1488 alterius
229 1455 356 1488 formae
386 1456 588 1488 defensores
615 1467 802 1497 provocare
828 1467 893 1488 non
922 1456 1102 1488 debebant.

153 1498 198 1532 τά
222 1512 264 1532 τε
297 1498 380 1533 ὑπὸ
408 1502 508 1544 γῆς]
557 1502 813 1536 Ven.:7.cun1
841 1502 959 1544 Steph.
986 1504 1066 1545 γῆνε
1093 1503 1197 1535 ceteri
1224 1503 1411 1544 genitivum

62 1552 215 1580 tuentur.
241 1557 273 1581 v.
299 1559 332 1590 p.
359 1547 415 1582 18.
441 1548 483 1579 B.
511 1547 593 1580 Dein
623 1548 723 1580 Bodl
751 1548 842 1580 Flor.
871 1548 950 1580 mh.
979 1549 1075 1581 vtud.
1103 1550 1134 1583 6.
1162 1549 1251 1581 Ven.
1282 1550 1410 1582 b.Vat.

64 1594 118 1625 καὶ
153 1589 314 1635 οὐράνια,
347 1598 385 1627 ut
410 1593 590 1626 ediderunt
619 1594 842 1629 Turicenses.
869 1560 966 1628 gSed
994 1595 1253 1638 praeferendum
1289 1596 1342 1627 καὶ
1375 1593 1412 1627 τὰ

63 1638 252 1693 ἐπουράνια
278 1641 329 1672 vel
359 1644 502 1696 propter
526 1642 780 1681 oppositionem
809 1641 989 1674 ιρι-ὺοτυηι
1020 1640 1058 1673 τὰ
1082 1639 1152 1673 ὑπὸ
1178 1642 1251 1683 γῆς.

155 1683 315 1718 ἄλλους
355 1683 488 1720 ταύτὰ
528 1688 657 1719 ταῦτα
695 1685 935 1729 διδάσκων]
987 1689 1031 1722 V.
1065 1686 1187 1719 ἄλλους
1229 1689 1331 1720 ταῦτα
1364 1687 1410 1720 δι-

63 1775 198 1816 quitatt.
230 1776 324 1812 Juris
357 1778 483 1820 publici
515 1778 640 1811 Graec.
675 1789 705 1820 p.
773 1780 861 1811 bene
890 1779 1007 1810 docuit
1033 1778 1267 1811 Fischerus
1300 1777 1341 1809 ad
1383 1778 1413 1810 Ιι.

63 1821 131 1856 270
146 1832 197 1863 sq
216 1827 251 1854 et
267 1827 386 1856 nostra
408 1824 453 1855 ad
471 1823 708 1866 Euthyphron.
773 1826 791 1858 Ι.
846 1824 974 1857 Deinde
1016 1825 1061 1856 ita
1099 1829 1219 1856 vocata
1254 1828 1307 1856 est
1341 1823 1411 1855 for-

63 1877 96 1922 Ρ.
121 1867 143 1902 5
171 1878 219 1909 sq
214 1892 234 1907 ‚
260 1868 316 1900 ubi
344 1873 408 1908 est,
435 1867 574 1912 γραφήν
593 1869 629 1902 σε’
650 1879 706 1907 τις,
773 1871 862 1902 mnia
881 1871 1108 1903 accusationis
1126 1871 1257 1911 scripta
1277 1870 1414 1902 3.Ιίὺεί-

66 1909 113 1944 ais·
146 1913 255 1947 ἔοικε.
294 1913 488 1957 γέγραπται,
536 1916 587 1948 De
627 1926 707 1948 con-

65 1960 259 1992 structione
291 1970 321 1994 ι.
348 1961 564 1994 Matthiae
589 1963 706 1995 Gr..

65 2004 184 2039 370.1.
204 2006 233 2047 ξ
244 2005 323 2040 492
336 2017 364 2039 e.
378 2006 502 2040 Rost.
514 2008 574 2041 Gr.
589 2009 618 2050 ξ
631 2008 708 2042 104.

64 2051 97 2085 4.
124 2061 153 2082 c.
183 2051 280 2093 S)·.ut
308 2063 339 2095 p.
365 2053 443 2087 122,
486 2049 708 2095 ἀναλάβωμεν

65 2096 102 2175 ἒξ
127 2093 248 2139 ἀρχῆς,
280 2104 529 2141 repetamus
556 2101 604 2132 ab
632 2101 706 2132 ini-

87 2154 137 2178 ιο

112 2231 248 2276 ὥςπερ
288 2230 364 2267 οὗι
403 2248 501 2279 κατι
513 2236 654 2279 γνόρων
668 2259 705 2262 κ

67 2275 223 2322 αὐτώπ]
251 2280 430 2315 Sentenua
444 2283 527 2316 haec
541 2291 612 2316 est:
638 2287 706 2318 ‹ic—

67 2325 141 2358 bet
165 2328 386 2360 accusatio
414 2340 559 2362 eorum
594 2337 635 2363 ut
661 2333 706 2365 ii-

67 2371 208 2404 belius
258 2378 565 2408 accusatorum
611 2388 708 2419 pro-

66 2419 167 2459 prie
228 2417 446 2451 dictorum
511 2424 707 2457 recitari.

67 2462 274 2496 Timaeus
298 2465 414 2499 Gloss.
432 2466 565 2501 Platon,
596 2480 627 2511 p
652 2470 706 2504 38

68 2504 279 2550 ἀντωμοσία
331 2510 450 2553 γραφὴ
497 2512 579 2545 κατά
618 2525 709 2548 τινος

68 2555 214 2598 ὲίορκος
244 2557 319 2599 περι
337 2554 386 2589 ὦ]
403 2554 596 2600 ἠδικῆσθαί
606 2572 708 2604 φησιε

67 2601 125 2633 ubi
150 2613 181 2635 v.
211 2601 511 2638 Ruhnkenius.
546 2601 709 2647 Ἀιτωγιο-

71 2648 127 2678 σία
151 2649 291 2691 proprie
316 2655 369 2683 est
383 2650 629 2691 iusiurandum
658 2656 709 2686 sel

70 2693 219 2735 actoris,
244 2705 346 2748 quum
374 2697 462 2728 iurat
486 2708 525 2729 se
550 2699 646 2731 iustis
667 2702 710 2732 de

74 2739 201 2772 caussis
236 2745 270 2773 et
305 2741 379 2775 sine
410 2743 579 2776 calumnia
614 2746 707 2778 litem

73 2784 170 2817 atteri
195 2785 391 2827 intendere3
425 2789 475 2821 xe!
503 2789 569 2829 rei,
606 2801 706 2833 (inum

71 2827 159 2862 iurat
197 2841 235 2864 se
275 2843 351 2866 esse
392 2834 630 2876 innocentem‚
674 2844 708 2869 nt

775 1919 840 1952 ius,
866 1918 920 1958 qui
937 1916 1083 1949 traditur
1104 1917 1204 1949 iudici
1223 1917 1264 1948 ab
1279 1921 1413 1948 actore:

772 1973 838 2004 qua
865 1967 1039 2004 potestate
1067 1964 1203 2005 ponitur
1235 1963 1336 1994 etiam
1364 1963 1414 1994 in-

773 2009 822 2041 fra
841 2019 870 2042 c.
888 2009 950 2042 Xi.
966 2013 1000 2041 et
1017 2011 1107 2065 apud
1125 2010 1241 2048 Dion.
1270 2008 1412 2041 Lafirt.

773 2056 820 2089 ΙΙ.
846 2055 910 2089 40:
940 2052 960 2096 ἡ
986 2051 1013 2086 δ’
1029 2053 1223 2095 ἀντωμοσία
1240 2059 1298 2109 τῆς
1319 2054 1415 2096 δίκνς

774 2103 898 2133 τοῦτοι
922 2103 987 2142 εἰχε
1011 2101 1070 2133 τὸν
1096 2100 1241 2143 τρόπον·
1278 2097 1414 2133 ἀνάκει-

776 2160 825 2179 ται
851 2146 914 2204 γὰρ
941 2148 986 2179 ἔτι
1013 2150 1066 2180 καὶ
1092 2150 1165 2186 π’ῦι,
1183 2148 1266 2190 φησὶ
1288 2147 1413 2188 Φαβω-

774 2199 878 2235 ρῖνος,
888 2194 925 2226 ἐν
937 2206 978 2237 τῳ
989 2193 1103 2237 μηιρῴ
1107 2207 1143 2237 ῳ.
1154 2195 1241 2227 conf.
1253 2194 1312 2226 Ru
1323 2193 1369 2225 bn
1382 2194 1412 2226 k.

773 2241 814 2273 ad
834 2241 920 2274 Tim.
939 2252 971 2282 p.
986 2241 1042 2275 38.
1068 2242 1174 2274 Meie
1187 2251 1211 2274 r.
1234 2244 1268 2273 et
1286 2238 1414 2271 Scito·-

775 2299 830 2319 ina
843 2298 860 2318 n
875 2298 904 2320 n.
923 2287 1085 2319 Process.
1103 2288 1204 2320 Attio.
1223 2298 1254 2329 p.
1279 2285 1346 2320 624
1362 2296 1412 2327 sq.

822 2377 1174 2421 περιεργζάεται]
1238 2374 1413 2419 περιεργά-

772 2425 894 2467 ζεσθαι
945 2426 1083 2467 proprie
1131 2429 1184 2457 est
1234 2425 1414 2456 curiose

774 2473 964 2513 aliquam
987 2469 1413 2503 remtractareadeo-

771 2528 838 2560 qne
865 2517 1004 2550 nimium
1039 2517 1141 2549 studii
1173 2518 1206 2549 in
1240 2516 1350 2557 aitqua
1376 2526 1414 2548 re

775 2574 913 2605 ponere.
965 2573 995 2597 v.
1028 2561 1213 2605 Theopn.
1253 2561 1411 2594 Charact.

778 2610 879 2642 XIII.
905 2610 979 2648 περὶ
1006 2611 1207 2651 περιεργίας.
1226 2607 1267 2641 cf.
1296 2608 1411 2640 Peri-

775 2666 861 2688 zon.
890 2656 930 2686 ad
961 2656 1090 2688 Aelian.
1121 2656 1157 2689 V.
1186 2654 1230 2687 H.
1260 2654 1307 2687 11.
1339 2653 1413 2693 443

775 2701 897 2733 deinde
936 2710 1089 2734 curare
1116 2712 1183 2740 ea,
1217 2710 1322 2742 quae
1354 2700 1410 2732 ni-

775 2747 828 2779 hil
861 2746 909 2779 ad
944 2751 982 2778 tc
1030 2747 1303 2788 pertineant3
1343 2756 1409 2778 cu-

774 2804 869 2825 rare
919 2803 984 2824 res
1036 2796 1209 2833 inanes,
1259 2804 1410 2833 vanas,

776 2836 1088 2877 inutiles.11th‘.
1118 2841 1136 2871 Ι.
