1644 3039
1333 192 1416 233 LV

64 308 214 351 afferat
264 308 619 361 delectationem,
665 309 794 349 etiam
847 308 1077 349 coniuncta
1113 307 1169 348 sit
1210 313 1252 347 et
1293 306 1417 361 quasi

63 365 266 422 copulata
294 365 452 419 unitas,
469 380 596 420 quam
617 371 776 406 vocant
799 364 1002 417 technici,
1026 363 1107 405 hoc.
1131 369 1198 405 est
1227 363 1417 404 omnium

63 437 113 464 ac
131 422 398 479 singularum
418 423 606 478 partium
625 422 748 476 quasi
772 421 1002 463 consensio
1017 419 1244 475 quaedam,
1260 419 1417 461 effecta

62 479 136 521 illa
168 494 234 533 eo,
267 478 385 533 quod
416 479 559 521 omnia
589 478 644 519 ad
674 494 809 520 unum
844 477 1114 532 eundemque
1142 477 1273 518 finem
1304 476 1416 518 refe-

60 542 236 588 runtur3
267 542 396 592 poeta
414 535 700 592 philosophus
724 536 853 577 etiam
875 534 957 576 hac
978 535 1023 575 in
1045 549 1090 575 re
1120 533 1416 575 admirabilem

61 599 195 635 artem
225 593 437 646 adhibuit,
470 593 544 646 qui
574 593 716 634 omnia
746 593 834 646 illa,
861 607 970 646 quae
1002 591 1222 632 varietatis
1254 590 1418 632 habent

62 649 410 703 delectationem,
436 650 498 691 ita
519 649 593 690 uni
616 650 827 691 sermonis
855 648 1034 690 consilio
1067 654 1111 689 et
1139 647 1214 688 fini
1246 662 1415 689 accom-

60 706 302 748 modaverit
333 713 376 748 et
406 706 768 762 attemperaverit,
808 712 858 747 ut
888 705 994 746 nihil
1024 705 1172 760 inepte
1202 705 1415 746 intrusum

62 764 142 816 sit,
184 763 293 805 nihil
333 763 509 805 moleste
553 762 850 816 desideretur,
882 768 1039 804 cuncta
1070 762 1183 803 inter
1214 777 1259 803 se
1291 761 1416 816 quasi

61 821 200 863 amica
231 819 415 874 quadam
445 820 729 862 consensione
760 819 1028 861 concordent
1059 824 1101 860 et
1130 818 1317 874 principi
1349 834 1414 858 ar-

61 883 267 934 gumento
309 877 518 918 sermonis
561 876 817 919 illustrando
873 876 1123 918 inserviant.
1184 877 1252 916 Ac
1292 881 1415 916 tanto

60 933 158 989 plus
188 933 298 975 lucis
329 940 508 975 externa
534 933 609 974 illa
639 933 801 990 dialogi
823 933 990 989 species
1011 933 1095 988 ipsi
1127 931 1415 987 disputationi

61 989 212 1032 afferre
245 990 370 1044 solet,
400 989 517 1046 quod
548 1005 598 1031 ea
628 990 688 1032 ita
719 997 785 1033 est
816 996 1077 1046 comparata,
1101 995 1151 1030 ut
1180 1005 1267 1030 non
1298 1004 1414 1030 mero

60 1047 224 1104 ingenii
269 1047 367 1090 lusu
396 1048 596 1101 inventa,
628 1047 707 1089 sed
738 1048 993 1103 plerumque
1024 1046 1079 1088 ad
1112 1046 1251 1102 ipsam
1283 1046 1413 1087 vitam

59 1103 305 1158 hominum,
338 1105 477 1160 qualis
518 1104 591 1145 illa
635 1110 775 1146 aetate
816 1104 924 1157 fuit,
965 1104 1234 1146 conformata
1273 1103 1331 1145 sit
1373 1109 1416 1144 et

62 1167 357 1216 attemperata.
424 1160 571 1214 Quum
622 1162 734 1203 enim
790 1161 929 1203 omnis
979 1160 1175 1202 Platonis
1219 1160 1331 1201 ratio
1372 1167 1416 1201 et

62 1217 258 1259 doctrina
288 1217 511 1274 paullatim
541 1224 644 1260 nata
679 1225 793 1260 esset
823 1233 876 1260 ex
908 1218 1152 1272 aequalium
1182 1217 1413 1270 sentiendi,

61 1273 286 1331 cogitandi
326 1273 571 1331 agendique
612 1275 804 1329 ratione,
846 1289 989 1328 neque
1027 1273 1121 1315 fieri
1164 1273 1252 1315 ullo
1284 1273 1413 1315 modo

60 1336 224 1387 posset,
258 1332 362 1386 quin
394 1330 449 1372 ad
481 1331 659 1373 eandem
691 1332 936 1385 referretur,
962 1346 1206 1373 sermonum
1238 1345 1414 1372 suorum

61 1394 260 1429 ornatum
288 1389 349 1429 ita
378 1388 449 1430 ille
471 1388 634 1445 delegit
655 1395 697 1429 et
717 1388 934 1442 instruxit,
956 1394 1003 1429 ut
1024 1387 1080 1429 ad
1103 1387 1413 1443 sophistarum,

58 1444 442 1500 philosophorum,
478 1445 665 1487 virorum
696 1445 913 1498 civilium,
947 1444 1135 1499 denique
1168 1445 1414 1499 aequalium

58 1516 216 1553 mores,
249 1501 462 1555 instituta,
489 1501 665 1556 placita,
690 1502 915 1557 opiniones
946 1501 1199 1556 respexerit.
1257 1501 1413 1557 Itaque

60 1557 268 1613 sophistis
289 1558 462 1612 fastum,
485 1558 790 1614 arrogantiam,
811 1558 983 1600 inanem
1013 1557 1235 1600 doctrinae
1267 1565 1412 1600 osten-

59 1615 269 1657 tationem
306 1615 470 1669 tribuit,
508 1616 758 1671 pariterque
793 1631 933 1657 mores
963 1615 1145 1657 aliorum
1175 1615 1412 1669 hominum,

61 1686 172 1726 quos
192 1672 418 1727 loquentes
441 1671 694 1725 introduxit,
711 1673 772 1714 ita
793 1673 1000 1714 describit
1024 1678 1068 1714 et
1084 1673 1210 1727 quasi
1227 1672 1412 1729 effingit,

60 1733 110 1770 ut
149 1729 381 1786 imaginem
421 1744 570 1771 eorum
606 1735 815 1784 tanquam
856 1730 1014 1771 mentis
1062 1729 1198 1771 oculis
1238 1745 1413 1772 cernere

60 1784 296 1828 videamur.

171 1846 319 1897 Atque
358 1842 442 1884 hoc
479 1842 576 1884 loco
616 1843 745 1884 etiam
785 1841 949 1897 aliquid
996 1841 1227 1883 dicendum
1263 1849 1329 1884 est
1359 1841 1412 1884 de

61 1896 265 1952 Socrate,
297 1914 425 1953 quem
457 1899 585 1941 Plato
627 1915 713 1941 non
753 1900 891 1943 solum
930 1898 984 1940 ad
1014 1899 1153 1954 ipsam
1186 1900 1412 1941 veritatem

61 1953 270 2010 depinxit,
293 1954 369 1997 sed
390 1961 594 2010 tanquam
624 1956 864 2012 perfectum
893 1956 1132 2012 sapientem
1161 1955 1412 2011 loquentem

61 2011 178 2053 tacit.
239 2010 382 2065 Quam
430 2011 603 2066 quidem
648 2028 737 2054 rem
777 2013 1094 2056 obtrectatores
1135 2013 1229 2055 eius
1266 2029 1411 2069 repre-

60 2067 256 2110 hendunt
295 2068 568 2112 acerbissime
599 2070 653 2125 ²⁸).
721 2070 892 2113 Dicunt
933 2070 1046 2111 enim
1084 2069 1146 2110 illi
1185 2068 1411 2112 Socratem

62 2131 137 2166 aut
165 2125 260 2167 aliis
291 2126 418 2182 plane
448 2127 639 2169 moribus
671 2142 800 2182 quam
831 2127 987 2183 quibus
1017 2142 1169 2168 revera
1188 2126 1411 2183 praeditus

62 2181 194 2223 fuerit
235 2183 377 2225 ornari
418 2182 645 2238 debuisse,
685 2190 734 2225 ut
777 2185 923 2227 statim
963 2183 1149 2240 intelligi
1192 2190 1342 2239 posset
1371 2184 1411 2225 ei

65 2238 215 2295 affingi
248 2239 401 2293 aliena,
424 2246 513 2294 aut,
545 2241 780 2284 virtutibus
809 2242 900 2284 eius
931 2240 987 2282 ad
1017 2240 1156 2295 ipsam
1186 2241 1411 2282 veritatem

64 2294 309 2350 descriptis,
333 2295 534 2339 debuisse
565 2298 628 2339 sic
658 2298 820 2352 induci,
841 2304 890 2340 ut
919 2298 1047 2339 etiam
1076 2297 1296 2354 ingenium
1326 2297 1409 2352 ipsi

63 2351 286 2407 proprium
338 2352 523 2395 fideliter
566 2354 884 2411 depingeretur.
944 2355 1110 2396 Verum
1154 2354 1265 2395 enim
1304 2369 1408 2395 vero

65 2408 140 2464 qui
158 2408 386 2451 Platonem
417 2409 529 2452 hanc
557 2411 612 2453 ob
632 2427 806 2453 causam
828 2410 1214 2468 reprehenderunt,
1235 2411 1280 2463 ii,
1304 2410 1410 2464 quid

62 2465 182 2522 leges
223 2466 325 2507 artis
363 2467 561 2521 poeticae
601 2469 798 2523 exigant,
832 2485 918 2511 non
947 2467 1149 2510 videntur
1178 2469 1283 2509 satis
1313 2482 1410 2523 per-

62 2522 266 2578 spexisse.
326 2521 473 2576 Quum
491 2524 602 2566 enim
631 2525 914 2582 philosophus
945 2525 989 2566 in
1020 2525 1289 2567 sermonibus
1319 2524 1408 2566 suis

64 2579 222 2635 primas
264 2579 318 2621 ad
359 2579 609 2635 Socratem,
648 2583 692 2623 in
742 2598 870 2638 quem
916 2588 1122 2637 tanquam
1169 2582 1408 2637 perfectum

111 2762 146 2803 *)
171 2763 299 2805 Diog.
326 2763 471 2794 Laert.
498 2763 566 2795 III.
594 2763 648 2798 36.
676 2764 831 2797 Athen.
862 2764 898 2796 V.
929 2762 1068 2798 18.Χ1.
1096 2762 1148 2797 15.
