1644 3039
177 151 353 193 LXXII

272 270 520 298 commemorat
545 264 578 294 in
607 263 794 303 Eulogis
828 265 868 294 in
906 264 1117 304 dialogos
1144 261 1349 294 Platonis
1382 271 1539 299 omnes,

272 333 357 364 quas
376 321 515 355 Platoni
539 330 602 351 suo
621 320 761 352 adiecit.
809 321 1007 361 Eclogas
1021 319 1234 351 Cornarii
1263 320 1452 361 separatim
1469 320 1539 350 edi-

270 381 322 411 dit
350 379 373 411 l.
400 378 465 409 Fr.
492 377 746 408 Fischerus.
771 378 868 419 Lips.
894 378 995 412 1771.
1023 374 1059 410 8.

179 438 372 470 Praeterea
408 434 670 466 memorandum
700 438 753 465 est
783 435 1144 475 praestantissimum³
1163 445 1250 475 opus
1289 430 1537 465 Germanicum

272 494 339 525 Fr.
367 491 786 523 Schleiermacheri.
825 492 921 523 euius
957 493 1165 532 prodierunt
1193 490 1236 522 T.
1269 490 1295 522 l.
1328 490 1368 521 P.
1405 490 1422 523 1
1452 495 1485 521 et
1508 491 1541 523 2.

271 552 313 583 T.
342 550 392 581 11.
416 550 456 580 P.
482 549 515 582 1.
544 548 564 581 2
591 553 624 580 et
647 549 679 582 3.
705 548 830 582 T.111.
862 548 899 579 Ρ.
936 549 966 580 Ι.
1016 549 1054 580 ln
1079 548 1341 589 prolegomenis
1369 547 1544 578 subtiliter

273 609 474 649 disputatur
492 607 533 637 de
550 606 672 636 ordine
691 607 900 647 scriptorum
920 606 1183 638 Platonicorum
1203 609 1296 637 recte
1312 605 1544 637 instituendo,

272 665 431 705 Singulis
460 669 576 694 autem
594 663 745 703 dialogis
761 668 899 704 praeter
915 663 1171 704 praefationem
1197 663 1355 694 adiectae
1380 665 1459 692 sunt
1484 660 1545 692 ob-

276 722 495 754 servationes
521 721 672 751 criticae.

184 784 324 813 Praeter
360 779 448 809 hanc
488 778 815 818 interpretationem
841 775 1005 808 German.
1038 776 1142 806 simili
1174 777 1315 808 nomine
1351 775 1547 807 laudandae

273 841 354 868 sunt
384 836 487 867 etiam
512 835 602 867 aliae
618 834 776 866 Platonis
802 835 1166 874 conversiones‚quae
1192 844 1302 875 nuper
1326 833 1547 875 prodierunt,

275 893 446 934 imprimis
486 892 607 923 Hier.
645 891 850 927 Mulieri,
886 891 966 931 Lip.
1005 889 1259 925 1850-1857.
1300 890 1332 924 8.
1372 891 1452 921 mai.
1491 899 1546 929 ap.

277 950 497 983 Brockhaus.
531 949 612 980 Vol.
644 949 775 979 I—VI.
807 957 895 989 quae
926 949 1068 989 egregia
1102 948 1207 980 habet
1241 948 1322 980 Car.
1356 946 1549 979 Steinharti

279 1008 548 1048 Prolcgomena.
574 1006 630 1037 De
653 1005 720 1037 Fr.
747 1006 884 1044 Astii,
908 1005 1093 1047 Josephi
1121 1005 1334 1044 Socheri,
1360 1004 1457 1037 Car.
1484 1003 1546 1034 Fr.

279 1065 541 1104 Hermanui,
585 1063 739 1094 Franc.
780 1063 1044 1103 Susemihli,
1085 1063 1160 1097 Ed,
1201 1063 1388 1102 Munkii,
1429 1060 1471 1092 G.
1509 1060 1548 1091 F.

285 1123 344 1153 W.
371 1120 598 1153 Suecowii
624 1120 788 1161 operibus
814 1130 919 1161 supra
944 1121 1077 1151 dietum
1102 1125 1164 1152 est.

187 1180 376 1212 Scholia
401 1178 435 1209 in
452 1176 636 1208 Platonem
674 1187 692 1207 e
717 1177 820 1208 codd.
848 1177 990 1217 collegit
1015 1177 1060 1208 D.
1084 1177 1389 1209 Ruhnkenius.
1437 1174 1551 1215 Lugd.

281 1236 360 1270 Bat.
406 1234 508 1269 1800.
551 1232 583 1267 8.
642 1233 741 1265 Haec
774 1234 810 1264 in
848 1234 931 1266 edit.
966 1234 1172 1274 Bekkeri,
1213 1232 1551 1270 Turicensium‚

289 1298 411 1325 nostra
423 1291 683 1324 Tauchnitz.
703 1301 734 1322 a.
750 1290 848 1324 1856.
867 1296 899 1322 et
916 1288 1552 1324 C.Fr11ermann.edit.'reubner.

286 1356 388 1382 aucta
415 1355 448 1381 et
472 1349 687 1389 locupletata
710 1349 943 1389 reperiuntur.

189 1408 361 1440 Timaei
388 1406 546 1438 Lexicon
572 1415 698 1437 vocum
726 1406 981 1437 Platoniearum
1007 1417 1035 1438 c.
1062 1407 1260 1438 animadvv.
1286 1404 1553 1436 Ruhnkenii.

283 1465 349 1496 Ed.
380 1464 411 1497 2.
437 1463 552 1503 Lugd.
577 1462 656 1493 Bat.
683 1461 784 1496 1789.
809 1462 842 1495 8.
876 1462 1015 1494 Novam
1044 1464 1237 1494 editionem
1264 1471 1407 1503 eamque
1434 1461 1553 1492 multis

286 1522 444 1562 partibus
471 1524 605 1551 auctam
633 1520 769 1550 curavit
794 1520 987 1551 Aenoth.
1016 1520 1232 1552 Kochius.
1282 1517 1494 1559 Lips.18·28.
1522 1517 1554 1551 8.

553 1816 1205 1874 Corrigenda.

292 1920 505 1961 Prolegg.
530 1930 564 1961 p.
598 1919 776 1952 XXVIII.
811 1931 841 1951 v.
867 1919 901 1955 3,
928 1921 970 1952 ab
997 1921 1060 1952 inf.
1086 1921 1163 1961 lege
1188 1922 1387 1962 inanem,
1414 1928 1447 1954 et
1471 1934 1502 1954 v.
1531 1928 1560 1957 1.

200 1967 243 1998 ab
271 1966 334 1997 inf.
360 1974 524 2001 verum.
559 1965 771 2006 Prolegg.
796 1967 841 1997 ad
867 1967 1023 2007 Apolog.
1049 1977 1082 2007 p.
1107 1967 1162 2000 16.
1190 1978 1222 1998 v.
1249 1967 1305 2001 20.
1331 1970 1408 2009 lege
1434 1974 1473 2000 et
1497 1979 1562 2010 pro

197 2018 253 2043 te.
307 2012 520 2053 Prolegg.
546 2012 592 2043 ad
618 2010 755 2042 Criton.
773 2022 806 2052 p.
827 2011 904 2045 185.
936 2012 1036 2045 v.]3.
1064 2013 1141 2054 lege
1168 2015 1472 2054 quaerendum
1497 2025 1561 2055 pro

198 2059 489 2099 querendum.
540 2057 831 2089 commentar.
867 2059 912 2089 ad
946 2058 1080 2092 Criton.
1112 2070 1145 2100 p.
1182 2059 1260 2093 198.
1294 2061 1359 2093 col.
1391 2060 1440 2092 ΙΙ.
1467 2072 1497 2093 v,
1528 2062 1559 2094 1.

197 2106 264 2145 leg.
291 2103 517 2141 criticus.
571 2103 674 2136 ibid.
701 2114 734 2144 p.
749 2103 828 2137 224.
848 2104 914 2139 col.
934 2104 962 2136 I.
980 2115 1012 2136 v.
1029 2104 1061 2138 6.
1079 2105 1120 2136 ab
1138 2105 1277 2146 infileg.
1304 2106 1562 2142 Heinichen.
